2866 4110
299 165 342 230 54
516 181 627 236 clean
646 183 668 236 1.
699 181 905 237 efflas-50.
936 183 1114 244 §nrt-218.

297 353 359 418 huo
374 355 483 419 veniat
503 361 534 419 et
553 354 637 419 hane
651 354 873 435 loquacitatem
889 359 1027 418 nostram
1042 352 1130 418 voltu
1144 353 1214 437 ipso
1230 373 1341 438 aspeo-
1417 383 1418 422 1

298 464 395 540 tuque
418 465 607 541 conterreat;
631 458 684 540 qui
708 477 899 539 quamquam
922 462 970 522 est
993 457 1026 520 in
1049 454 1184 521 dicendo
1206 457 1341 522 minime
1418 485 1420 552 l

298 561 556 642 contemnendus,
577 561 745 645 prudentia
767 567 874 624 tamen
896 579 1001 624 rerum
1023 579 1211 643 magnarum
1234 561 1340 643 magis

229 675 393 745 alequam
416 664 543 728 dicendi
566 670 633 727 arte
654 663 774 727 nititur.
806 682 910 744 neque
925 682 1010 745 vero,
1026 662 1054 726 si
1076 662 1147 743 quis
1169 667 1339 744 utrumque

297 773 488 849 potestant
515 767 567 831 ille
597 767 719 831 consilii
745 766 863 849 publici
891 771 998 830 auctor
1024 785 1062 830 ao
1086 771 1213 830 senator
1234 765 1368 831 bonust
1420 821 1421 858 p

234 926 237 931 .
297 872 336 935 ob
362 890 431 934 eam
454 871 557 953 ipsam
581 890 709 934 causam
733 876 836 934 orator
858 876 906 934 est
928 875 983 934 aut
1006 868 1057 934 hic
1080 868 1217 934 disertus
1240 875 1338 951 atque
1420 859 1421 948 l

298 975 458 1056 eloquens,
482 975 508 1038 si
521 1046 522 1050 Ἰ
536 981 584 1038 est
605 972 689 1037 idem
712 973 745 1037 in
773 973 993 1056 procuratione
1016 973 1154 1037 civitatis
1177 973 1337 1056 egregius,

297 1077 433 1141 alienam
456 1077 621 1141 seientiam
645 1075 771 1140 dicendi
795 1077 885 1159 copia
908 1082 955 1140 est
979 1083 1172 1141 consecutus.
1203 1076 1338 1141 multum

297 1180 379 1244 inter
407 1200 441 1244 se
468 1179 587 1244 distant
614 1180 694 1244 istae
722 1179 889 1244 facultates
914 1180 1072 1262 longeque
1094 1186 1167 1244 sunt
1189 1178 1338 1244 diversae

296 1290 392 1364 atque
423 1283 585 1346 seiunctae
616 1301 720 1363 neque
751 1281 863 1346 eadem
893 1283 1014 1347 ratione
1044 1303 1082 1346 ao
1111 1282 1165 1346 via
1193 1283 1235 1346 M.
1259 1283 1338 1348 Cato
1357 1297 1385 1344 ro

297 1388 331 1450 P.
348 1385 516 1450 Africanus
533 1385 569 1462 Q.
587 1385 730 1450 Metellus
746 1386 780 1451 G.
797 1387 933 1466 Laeliae,
950 1387 1004 1468 qui
1023 1406 1132 1451 omnes
1153 1387 1338 1467 eloquentes

215 1495 217 1499 ‘
297 1489 432 1568 fuerunt,
449 1489 622 1553 orationem
638 1508 729 1553 suam
749 1496 781 1554 et
802 1489 848 1553 rei
870 1489 1016 1572 publicae
1038 1489 1225 1572 dignitatem
1249 1509 1337 1555 exor-

236 1601 272 1654 to
296 1593 426 1656 nabant.
461 1611 564 1674 neque
581 1592 665 1657 enim
685 1600 733 1658 est
752 1591 953 1656 interdictum
976 1599 1031 1657 aut
1053 1612 1199 1657 ererum
1221 1599 1337 1657 natura

296 1703 350 1759 aut
376 1715 397 1758 a
422 1694 495 1778 lege
521 1695 628 1776 aliqua
651 1702 746 1777 atque
769 1715 856 1759 more
878 1701 913 1759 ut
935 1695 1068 1779 singulis
1090 1695 1272 1761 hominibus
1294 1716 1336 1760 ne

226 1813 276 1860 216
295 1799 432 1883 amplius
460 1820 555 1881 quam
583 1801 724 1883 singulas
753 1800 830 1864 artis
852 1819 946 1864 nosse
969 1800 1071 1863 liceat.
1118 1819 1180 1880 qua
1202 1819 1237 1863 re
1259 1820 1333 1882 non,
1355 1822 1386 1869 15

298 1901 349 1991 [et]
357 1903 384 1968 si
415 1903 688 1986 eloquentissimus
718 1903 852 1968 Athenis
882 1903 1018 1967 Pericles
1047 1901 1195 1984 idemque
1229 1903 1263 1968 in
1298 1923 1335 1968 ea

220 2091 222 2096 Ι
296 2007 423 2072 civitate
446 2008 597 2090 plurimos
619 2028 720 2072 annos
742 2008 889 2092 princeps
913 2006 1034 2070 consilii
1057 2005 1175 2090 publici
1198 2006 1267 2087 fuit,
1291 2005 1334 2071 id-

296 2111 378 2175 circo
406 2110 547 2175 eiusdem
574 2111 710 2175 hominis
737 2117 833 2192 atque
858 2110 934 2174 artis
957 2117 1089 2192 utraque
1111 2109 1246 2174 facultas
1271 2111 1334 2174 exi-

296 2212 454 2277 stimanda
481 2221 542 2295 est;
571 2233 640 2293 neo,
664 2213 691 2278 si
713 2214 748 2277 P.
766 2214 899 2278 Crassus
926 2211 1010 2277 idem
1036 2212 1276 2294 fuiteloquens
1303 2219 1334 2278 et

205 2344 207 2348 ·
295 2315 523 2398 iurisperitus,
547 2316 586 2379 ob
615 2335 684 2379 eam
712 2335 841 2380 causam
867 2315 950 2380 inest
977 2317 1009 2380 in
1031 2315 1182 2379 facultate
1205 2315 1333 2380 dicendi
1352 2339 1388 2386 no

225 2431 274 2477 217
295 2419 370 2483 iuris
394 2418 495 2482 civilis
519 2419 659 2482 scientia.
706 2439 779 2482 nam
808 2419 844 2502 si,
868 2425 903 2482 ut
925 2420 1059 2502 quisque
1081 2420 1114 2482 in
1137 2419 1243 2501 aliqua
1265 2426 1333 2484 arte

294 2528 326 2585 et
351 2521 501 2586 facultate
529 2521 688 2586 excellens
717 2522 812 2586 aliam
840 2543 963 2604 quoque
990 2529 1090 2588 artem
1122 2522 1182 2588 sibi
1208 2521 1333 2588 adsum-

293 2625 400 2709 pserit,
417 2626 444 2690 is
464 2625 604 2708 perficiet
622 2631 667 2706 ut,
685 2624 768 2706 quod
784 2631 949 2708 praeterea
965 2627 1052 2707 sciet,
1068 2626 1102 2690 id
1125 2627 1192 2692 eius
1213 2626 1247 2691 in
1271 2647 1334 2708 quo

294 2728 427 2793 excellet
454 2748 529 2813 pars
557 2728 713 2810 quaedam
742 2747 811 2794 esse
838 2729 993 2809 videatur,
1017 2729 1092 2793 licet
1120 2730 1181 2794 ista
1210 2729 1333 2794 ratione

294 2831 435 2896 dieamus
457 2831 522 2916 pila
544 2833 626 2897 bene
650 2840 682 2897 et
704 2831 871 2897 duodecim
895 2833 1019 2916 scriptis
1042 2833 1150 2898 ludere
1171 2834 1392 2917 propriumne

293 2955 363 3000 esse
393 2936 469 3001 iuris
500 2935 610 3016 civilis,
638 2935 786 3017 quoniam
816 2942 983 3018 utrumque
1014 2956 1120 3002 eorum
1151 2937 1185 3000 P.
1210 2936 1334 3002 Mucius

293 3039 409 3122 optime
433 3040 559 3124 fecerit3
585 3038 760 3122 eademque
782 3040 904 3105 ratione
927 3039 1073 3104 dicantur
1096 3040 1124 3104 ei
1148 3057 1226 3121 quos
1241 3062 1333 3126 φυσι-

292 3148 366 3220 κοὺς
380 3142 493 3208 Graeci
516 3143 680 3208 nominant
701 3142 787 3207 idem
810 3150 933 3228 poetae,
955 3144 1103 3225 quoniam
1121 3142 1333 3226 Empedocles

292 3245 444 3330 physicus
467 3247 630 3329 egregium
653 3253 768 3330 poema
789 3247 908 3312 fecerit.
951 3254 984 3310 at
1006 3247 1066 3311 hoc
1089 3265 1129 3310 ne
1152 3245 1334 3331 philosophi

294 3349 420 3431 quidem
443 3350 514 3433 ipsi,
539 3350 592 3432 qui
620 3350 736 3431 omnia,
760 3350 842 3414 sicut
863 3351 999 3435 propria,
1021 3369 1079 3415 sua
1101 3369 1171 3414 esse
1193 3356 1290 3432 atque
1313 3371 1335 3415 a
1353 3370 1392 3418 eo

293 3472 327 3516 se
349 3452 502 3535 possideri
525 3453 644 3535 volunt,
661 3452 766 3518 dicere
788 3452 916 3536 audent,
932 3453 1138 3535 geometriam
1160 3459 1216 3518 aut
1238 3453 1334 3519 musi·

293 3554 557 3639 comphilosophi
574 3576 653 3637 esse,
670 3557 746 3638 quia
761 3557 925 3620 Platonem
940 3574 1051 3620 omnes
1070 3556 1103 3619 in
1126 3555 1188 3620 illis
1210 3557 1334 3622 artibus

223 3674 274 3722 ara
292 3658 598 3738 praestantissimum
621 3659 719 3724 fuisse
741 3659 909 3723 fateantur.
934 3677 972 3720 ac
988 3658 1014 3722 si
1029 3659 1093 3723 iam
1109 3658 1213 3742 placet
1229 3661 1335 3725 omnis

292 3758 369 3822 artis
385 3760 499 3823 oratori
515 3761 714 3844 subiungere,
732 3760 925 3825 tolerabilius
946 3766 994 3824 est
1015 3760 1060 3825 sic
1082 3761 1187 3844 potins
1210 3761 1334 3827 dicere:
