2866 4110
371 683 422 776 M.
443 683 597 776 TULLI
625 683 901 778 CICERONIS

260 849 334 923 nn
366 848 636 925 carrona
668 851 823 925 nicar
851 851 1005 928 unns.

484 1027 604 1086 LIBER
626 1027 781 1086 PRIMUS.
833 1043 836 1050 ’

218 1165 379 1278 Cogitanti
397 1195 478 1260 mihi
502 1216 729 1280 saepenumero
753 1203 784 1260 et
806 1196 956 1262 memoria
975 1203 1084 1262 vetera
1106 1188 1187 1264 re-l

114 1298 233 1382 petenti
257 1297 398 1382 perbeati
422 1298 539 1380 luisse,
558 1298 675 1376 Quinte
701 1300 807 1381 frater,
831 1300 876 1365 illi
903 1299 1005 1365 videri
1036 1302 1148 1383 solent,
1171 1262 1183 1307 l

115 1401 214 1482 quiin
231 1401 351 1485 optima
370 1402 555 1486 republica,
573 1423 644 1468 cum
672 1409 703 1467 et
725 1402 896 1469 honoribus
919 1410 951 1468 et
973 1423 1076 1468 rerum
1099 1425 1151 1490 ge

114 1511 231 1570 starum
254 1505 355 1588 gloria
376 1505 534 1587 florerent,
558 1527 631 1571 eum
653 1507 739 1570 vitae
762 1526 887 1572 cursum
914 1513 1023 1572 tenere
1044 1513 1150 1591 potue-

82 1615 194 1689 arunt,
218 1614 255 1672 ut
284 1609 336 1673 vel
365 1610 397 1674 in
427 1611 555 1693 negotio
586 1610 655 1675 sine
684 1610 823 1694 periculo
850 1611 903 1675 vel
928 1611 961 1675 in
989 1611 1052 1677 otio
1079 1616 1150 1676 cum

112 1711 269 1796 dignitate
285 1732 355 1778 esse
369 1720 508 1797 possent.
542 1735 581 1779 ao
603 1714 664 1778 fuit
685 1734 757 1778 cum
780 1714 856 1780 mihi
880 1734 1004 1796 quoque
1026 1714 1150 1780 initium

112 1815 332 1897 requiescendi
353 1823 450 1900 atque
472 1818 613 1882 animum
636 1817 678 1881 ad
704 1818 867 1899 utriusque
894 1825 1035 1883 nostrum
1062 1838 1150 1901 prae·

112 1918 197 1982 clara
224 1918 330 1983 studia
351 1919 508 1985 referendi
531 1922 599 1986 fore
622 1921 739 1985 iustum
762 1927 794 1985 et
816 1940 914 2004 prope
938 1921 977 1985 ab
1002 1921 1149 1986 omnibus

112 2041 298 2088 conoessum
323 2024 500 2106 arbitrarer,
524 2026 551 2090 si
578 2024 720 2089 infinitus
742 2023 913 2089 forensium
936 2043 1039 2088 rerum
1062 2024 1151 2088 labor

66 2139 93 2186 ro
111 2131 142 2189 et
168 2124 352 2192 ambitionis
367 2127 543 2212 occupatio
570 2128 704 2193 decursu
731 2128 884 2192 honorum
912 2128 1008 2191 etiam
1035 2128 1149 2193 aetatis

110 2227 197 2293 flexu
225 2230 425 2296 constitisset.
472 2251 566 2313 quarn
591 2251 681 2315 spem
704 2231 930 2314 cogitationum
954 2237 985 2294 et
1007 2231 1183 2297 consilio-a

111 2351 178 2396 rum
209 2351 350 2396 meomm
381 2353 452 2398 eum
482 2354 598 2418 graves
628 2335 841 2398 communium
872 2341 1048 2418 temporum
1081 2340 1148 2398 tum

110 2435 191 2500 varii
218 2437 318 2500 nostri
345 2457 437 2502 casus
460 2437 649 2502 fefellerunt.
695 2458 770 2503 nam
793 2437 847 2520 qui
870 2438 957 2503 locus
980 2438 1094 2520 quietis
1118 2446 1150 2502 et

110 2538 345 2620 tranquillitatis
367 2540 570 2624 plenissimus
593 2540 660 2605 lore
680 2540 856 2621 videbatur,
872 2541 906 2605 in
929 2562 971 2624 eo
989 2541 1149 2606 maximae

65 2657 91 2704 15
107 2641 447 2732 molembmimum
470 2651 501 2709 et
512 2644 818 2734 turlmleutrssiume
842 2651 1047 2729 tempestates
1070 2645 1149 2708 exti-

109 2751 232 2828 terunt3
256 2765 360 2828 neque
375 2766 451 2812 vero
469 2748 561 2814 nobis
585 2748 785 2832 cupientibus
806 2754 902 2830 atque
925 2749 1149 2832 exoptantibus

108 2847 230 2913 fmctus
253 2849 309 2912 otii
331 2849 425 2915 datus
451 2857 499 2915 est
526 2850 567 2915 ad
596 2870 650 2915 eas
676 2852 753 2916 artis
777 2851 891 2934 quibus
918 2873 938 2916 a
963 2851 1070 2934 pueris
1097 2849 1148 2914 de·

108 2950 165 3016 diti
194 2951 312 3017 luimus
340 2953 547 3019 celebrandas
574 2955 803 3037 internosque
832 2954 1027 3022 recolendas.
1073 2975 1182 3026 nam3

109 3056 210 3138 prima
240 3061 345 3120 aetate
375 3056 543 3123 incidimus
573 3058 606 3122 in
633 3059 735 3142 ipsam
761 3060 1030 3142 perturbationem
1058 3057 1177 3124 disci--

65 3173 92 3219 ro
109 3157 216 3240 plinae
231 3160 362 3240 veteris,
376 3166 407 3225 et
430 3161 594 3226 consulatu
617 3161 805 3227 devenimus
827 3163 861 3226 in
883 3162 1023 3228 medium
1045 3183 1149 3228 rerum

109 3262 249 3326 omnium
274 3268 434 3328 certamen
457 3271 552 3345 atque
574 3264 754 3347 discrimen,
771 3273 803 3330 et
825 3265 885 3331 hoc
907 3273 1032 3349 tempus
1054 3285 1148 3329 omne

108 3365 404 3447 postconsulatum
431 3366 604 3434 obiecimus
634 3369 673 3433 iis
703 3369 861 3450 fluctibus,
885 3371 937 3451 qui
964 3388 1021 3452 per
1047 3369 1148 3433 nosa

109 3469 268 3532 communi
290 3477 381 3553 peste
404 3469 526 3554 depulsi
549 3472 583 3535 in
606 3474 830 3557 nosmetipsos
845 3471 1067 3537 redundarent.
1093 3469 1150 3535 sed

108 3577 216 3636 tamen
243 3573 277 3636 in
305 3573 351 3638 eis
373 3574 425 3639 vel
446 3575 670 3658 asperitatibus
692 3597 796 3641 rernm
819 3576 870 3640 vel
892 3574 1048 3659 angustiis
1071 3580 1146 3638 tem-

68 3689 93 3738 rs
108 3675 193 3758 poris
208 3677 374 3758 obsequar·
396 3675 509 3743 studiis
531 3680 647 3744 nostris
670 3686 702 3743 et
724 3685 877 3761 quantum
900 3677 978 3740 mihi
993 3677 1045 3740 vel
1059 3675 1147 3740 fraus

107 3776 307 3844 inimicorum
329 3780 382 3844 vel
404 3799 520 3845 causae
542 3782 713 3845 amicorum
735 3780 787 3845 vel
809 3798 860 3843 res
882 3777 1009 3860 publica
1030 3776 1148 3840 tribuet

159 3889 267 3932 Ciceronis
281 3890 307 3932 de
321 3889 403 3933 oratore
417 3890 474 3932 libri.
976 3881 987 3926 1
