2866 4110
291 178 333 240 36
507 195 619 248 urana
637 195 660 258 1,
676 176 897 250 'onem-33.
928 196 1106 258 sus-152.
1178 159 1181 168 ’

290 367 408 431 audita.
435 363 564 433 ¹verum
594 368 648 432 illa
682 388 771 451 mox,
806 388 891 432 nunc
921 367 961 432 de
994 368 1066 452 ipsa
1099 366 1326 432 exercitatione

291 469 368 551 quid
390 471 509 536 sentias
532 467 734 553 quaerimus.²

222 550 271 670 ἐξ,
394 567 560 656 ‘Equidem
582 574 681 658 probo
703 569 775 638 ista'
802 573 933 640 Crassus
959 575 1063 656 inquit
1085 567 1178 656 ‘quae
1204 593 1263 638 vos
1285 573 1327 637 fa-

291 697 362 742 cere
384 678 500 757 soletis,
524 684 567 757 ut,
592 696 688 742 causa
716 677 823 759 aliqua
849 678 952 760 posita
980 677 1135 742 consimili
1162 696 1326 742 causarum

291 799 399 844 earum
422 801 503 862 quae
526 781 559 844 in
582 780 684 844 forum
708 780 901 861 deferuntur,
930 779 1043 845 dicatis
1065 801 1161 862 quam
1188 780 1326 845 maxime
1345 799 1360 846 5

291 884 332 947 ad
354 884 521 948 veritatem
544 883 794 948 adcommodato.
841 883 898 948 sed
921 884 1063 967 plerique
1086 884 1118 947 in
1141 883 1201 948 hoc
1216 903 1326 949 vocem

291 985 394 1066 modo,
425 1006 529 1068 neque
561 1007 631 1050 eam
661 987 807 1067 scienter,
838 993 870 1050 et
899 987 983 1051 vires
1015 993 1165 1052 exercent
1195 1006 1271 1052 suas
1298 995 1327 1050 et

263 1149 265 1153 ,
290 1090 420 1173 linguae
443 1090 634 1154 celeritatem
661 1090 796 1154 incitant
818 1090 1049 1171 verborumque
1075 1090 1255 1172 frequentia
1278 1089 1327 1155 de·

291 1195 453 1258 laetantur.
498 1194 532 1257 in
567 1214 627 1275 quo
658 1193 739 1257 fallit
769 1212 823 1258 eos
857 1193 942 1275 quod
974 1193 1157 1273 audierunt,
1192 1193 1327 1258 dicendo

223 1321 272 1368 150
290 1296 435 1362 homines
458 1304 493 1360 ut
508 1295 614 1361 dicant
638 1296 765 1361 efficere
788 1297 897 1362 solere.
943 1317 1020 1362 vere
1037 1298 1121 1362 enim
1138 1297 1235 1361 etiam
1250 1298 1326 1362 illud
1348 1317 1378 1362 ro

292 1399 415 1480 dicitur,
438 1419 587 1483 perverse
610 1399 715 1464 dicere
738 1399 881 1465 homines
908 1419 1057 1484 perverse
1085 1398 1220 1465 dicendo
1243 1400 1328 1466 facil·

220 1543 224 1550 -
291 1504 365 1567 lime
389 1503 548 1585 consequi.
594 1523 689 1584 quam
718 1503 848 1567 obrem
875 1505 909 1567 in
931 1503 1001 1568 istis
1029 1503 1106 1586 ipsis
1133 1503 1328 1569 exercitatio·

291 1606 385 1670 nibus
420 1606 478 1670 etsi
508 1606 584 1671 utile
615 1611 662 1670 est
690 1606 786 1670 etiam
816 1607 919 1672 subito
951 1626 1046 1690 saepe
1073 1605 1188 1686 dicere,
1221 1612 1329 1672 tamen

291 1708 368 1773 illud
392 1710 509 1790 utilius,
541 1716 664 1793 sumpto
692 1710 793 1794 spatio
821 1709 863 1775 ad
886 1709 1089 1793 cogitandum
1116 1710 1259 1793 paratius
1286 1717 1330 1776 at-

293 1833 354 1894 que
377 1812 558 1878 adcuratius
581 1812 694 1878 dicere.
730 1820 825 1898 caput
850 1820 958 1877 autem
988 1819 1045 1892 est,
1074 1811 1168 1894 quod,
1191 1819 1227 1876 ut
1254 1834 1330 1879 vere
1351 1833 1382 1877 rs

293 1916 406 1998 dicam,
423 1917 552 1982 minime
571 1917 764 1982 facimus-
780 1922 827 1981 est
850 1917 936 1982 enim
958 1916 1068 1999 magni
1089 1917 1216 1997 laboris,
1233 1937 1330 1999 quem

291 2022 434 2104 plerique
448 2020 588 2104 fugimus
603 2045 659 2084 -ε
684 2041 778 2102 quam
795 2020 963 2103 plurimum
979 2020 1126 2085 scribere.
1165 2020 1255 2086 stilus
1273 2027 1330 2101 est,

293 2125 382 2190 stilus
412 2125 549 2207 optimus
579 2133 612 2189 et
644 2124 934 2208 praestantissimus
968 2122 1095 2188 dicendi
1129 2123 1258 2188 effector
1293 2145 1333 2189 ac

293 2227 457 2309 magister3
486 2247 588 2309 neque
618 2228 741 2291 iniuria.
788 2248 862 2292 nam
893 2227 919 2292 si
948 2226 1085 2292 subitam
1113 2233 1145 2291 et
1167 2226 1332 2292 fortuitam

293 2330 466 2394 orationem
494 2330 718 2394 commentatio
746 2337 778 2395 et
805 2331 954 2413 cogitatio
984 2329 1078 2394 facile
1105 2331 1213 2411 vineit,
1246 2330 1333 2396 hanc
1354 2349 1386 2393 no

292 2432 394 2516 ipsam
417 2432 558 2516 profecto
581 2432 715 2497 adsidua
743 2453 781 2497 ac
811 2433 947 2516 diligens
975 2434 1130 2517 scriptura
1156 2435 1332 2517 superabit.

225 2558 272 2605 151
293 2556 402 2600 omnes
433 2537 518 2601 enirn
544 2537 612 2600 sive
642 2537 719 2600 artis
747 2543 821 2601 sunt
842 2537 904 2601 loci
931 2538 1000 2601 sive
1021 2537 1142 2620 ingenii
1165 2536 1335 2602 cuiusdam

295 2659 333 2703 ac
356 2639 552 2723 prudentiae,
584 2640 638 2721 qui
668 2639 761 2705 modo
784 2640 893 2704 insunt
922 2640 956 2703 in
984 2661 1023 2705 ea
1049 2639 1145 2704 rede
1169 2659 1232 2720 qua
1259 2642 1337 2706 sori-

296 2743 409 2824 bimus,
439 2743 679 2825 anquirentibus
710 2743 801 2808 nobis
834 2745 982 2824 omnique
1012 2744 1082 2808 acie
1108 2743 1229 2827 ingenii
1261 2765 1337 2809 con-

295 2847 522 2930 templantibus
543 2846 715 2912 ostendunt
745 2866 779 2912 se
802 2854 834 2912 et
856 2852 1039 2931 occurrunt,
1067 2866 1240 2928 omnesque
1264 2868 1338 2913 sen·
1359 2863 1390 2908 as

296 2951 415 3016 tentiae
448 2950 610 3033 verbaque
648 2951 754 3014 omnia
792 2971 872 3032 quae
910 2957 983 3014 sunt
1016 2951 1167 3031 cuiusque
1204 2953 1339 3034 generis

297 3057 436 3121 maxime
459 3055 604 3120 inlustria
627 3055 685 3118 sub
708 3074 842 3118 acumen
858 3054 921 3119 stili
944 3055 1079 3118 subeant
1105 3060 1136 3118 et
1159 3054 1340 3120 succedant

296 3180 426 3225 necesse
450 3165 506 3224 est.
553 3166 619 3222 tum
641 3158 713 3240 ipsa
736 3158 908 3222 conlocatio
930 3156 1199 3239 conformatioque
1222 3161 1340 3225 verbo-

296 3283 365 3328 rum
388 3262 548 3348 perficitur
577 3263 611 3325 in
642 3260 817 3340 scribendo,
848 3281 911 3325 non
942 3261 1075 3344 poetico,
1106 3258 1163 3325 sed
1194 3261 1340 3342 quodam

227 3387 275 3433 ran
296 3367 431 3433 oratorio
454 3386 584 3431 numero
607 3371 638 3430 et
661 3364 763 3428 modo.
810 3364 890 3429 baec
916 3371 999 3428 sunt
1016 3384 1098 3446 quae
1126 3365 1279 3430 clamores
1305 3374 1340 3431 et
1362 3376 1393 3424 30

296 3471 521 3536 admirationes
536 3471 569 3534 in
592 3469 684 3534 bonis
700 3469 874 3533 oratoribus
898 3467 1053 3552 efficiunt3
1077 3487 1181 3548 neque
1197 3487 1238 3533 ea·
1252 3469 1341 3550 quis-

297 3595 401 3656 quam,
425 3574 486 3639 nisi
510 3571 584 3660 [quil
610 3572 664 3637 diu
686 3572 882 3653 multumque
910 3570 1101 3655 scriptitarit,
1130 3571 1254 3636 etiamsi
1283 3593 1341 3636 ve-

296 3677 533 3742 hementissime
567 3697 601 3741 se
632 3678 666 3741 in
696 3676 747 3741 his
777 3675 890 3740 subitis
924 3672 1115 3738 dictionibus
1145 3676 1341 3755 exercuerit,

297 3787 515 3860 consequetur.
562 3787 593 3845 et
616 3782 669 3863 qui
693 3802 713 3844 a
737 3775 897 3844 scribendi
913 3776 1141 3841 consuetudine
1163 3776 1205 3842 ad
1228 3776 1342 3843 dicen—
