<?xml version="1.0" encoding="UTF-8"?>
<!DOCTYPE html PUBLIC "-//W3C//DTD XHTML 1.0 Transitional//EN"
    "http://www.w3.org/TR/xhtml1/DTD/xhtml1-transitional.dtd">
<html xmlns="http://www.w3.org/1999/xhtml" xml:lang="en" lang="en">
 <head>
  <title>
</title>
<meta http-equiv="Content-Type" content="text/html;charset=utf-8" />
  <meta name='ocr-system' content='tesseract 3.04.00' />
  <meta name='ocr-capabilities' content='ocr_page ocr_carea ocr_par ocr_line ocrx_word'/>
</head>
<body>
  <div class='ocr_page' id='page_1' title='image "./mtulliciceronis21cicegoog_0088.png"; bbox 0 0 2834 4110; ppageno 0'>
   <div class='ocr_carea' id='block_1_1' title="bbox 330 168 1131 247">
    <p class='ocr_par' dir='ltr' id='par_1_1' title="bbox 330 168 1131 247">
     <span class='ocr_line' id='line_1_1' title="bbox 330 168 1131 247; baseline 0.007 -13"><span class='ocrx_word' id='word_1_1' title='bbox 330 181 442 234; x_wconf 82' lang='lat' dir='ltr'><strong>urenn</strong></span> <span class='ocrx_word' id='word_1_2' title='bbox 460 182 496 236; x_wconf 92' lang='lat'><strong>11.</strong></span> <span class='ocrx_word' id='word_1_3' title='bbox 531 182 722 238; x_wconf 74' lang='lat' dir='ltr'><strong>osae-10.</strong></span> <span class='ocrx_word' id='word_1_4' title='bbox 758 185 902 247; x_wconf 73' lang='lat' dir='ltr'><strong>sae-aa</strong></span> <span class='ocrx_word' id='word_1_5' title='bbox 1091 168 1131 231; x_wconf 80' lang='grc'><strong>79</strong></span> 
     </span>
    </p>
   </div>
   <div class='ocr_carea' id='block_1_2' title="bbox 46 356 1184 3648">
    <p class='ocr_par' dir='ltr' id='par_1_2' title="bbox 46 356 1184 3648">
     <span class='ocr_line' id='line_1_2' title="bbox 88 356 1132 441; baseline 0 -20"><span class='ocrx_word' id='word_1_6' title='bbox 88 365 276 441; x_wconf 83' lang='lat' dir='ltr'><strong>temporum,</strong></span> <span class='ocrx_word' id='word_1_7' title='bbox 286 357 346 420; x_wconf 88' lang='lat' dir='ltr'><strong>lux</strong></span> <span class='ocrx_word' id='word_1_8' title='bbox 358 357 509 438; x_wconf 89' lang='lat' dir='ltr'><strong>veritatis,</strong></span> <span class='ocrx_word' id='word_1_9' title='bbox 518 357 585 422; x_wconf 88' lang='lat' dir='ltr'><strong>vita</strong></span> <span class='ocrx_word' id='word_1_10' title='bbox 596 356 939 440; x_wconf 81' lang='lat' dir='ltr'><strong>memoriae,magistra</strong></span> <span class='ocrx_word' id='word_1_11' title='bbox 951 357 1045 438; x_wconf 88' lang='lat' dir='ltr'><strong>vitae,</strong></span> <span class='ocrx_word' id='word_1_12' title='bbox 1055 377 1132 421; x_wconf 89' lang='lat' dir='ltr'><strong>nun-</strong></span> 
     </span>
     <span class='ocr_line' id='line_1_3' title="bbox 88 459 1132 541; baseline 0.002 -18"><span class='ocrx_word' id='word_1_13' title='bbox 88 461 129 525; x_wconf 90' lang='lat' dir='ltr'><strong>tia</strong></span> <span class='ocrx_word' id='word_1_14' title='bbox 143 460 331 541; x_wconf 87' lang='lat' dir='ltr'><strong>vetustatis,</strong></span> <span class='ocrx_word' id='word_1_15' title='bbox 348 479 410 541; x_wconf 88' lang='lat' dir='ltr'><strong>qua</strong></span> <span class='ocrx_word' id='word_1_16' title='bbox 422 479 499 524; x_wconf 88' lang='lat' dir='ltr'><strong>vooe</strong></span> <span class='ocrx_word' id='word_1_17' title='bbox 514 460 576 525; x_wconf 85' lang='lat' dir='ltr'><strong>alia</strong></span> <span class='ocrx_word' id='word_1_18' title='bbox 588 460 649 524; x_wconf 89' lang='lat' dir='ltr'><strong>nisi</strong></span> <span class='ocrx_word' id='word_1_19' title='bbox 665 459 797 525; x_wconf 87' lang='lat' dir='ltr'><strong>oratoris</strong></span> <span class='ocrx_word' id='word_1_20' title='bbox 808 459 1035 525; x_wconf 78' lang='lat' dir='ltr'><strong>immortalitati</strong></span> <span class='ocrx_word' id='word_1_21' title='bbox 1051 480 1132 525; x_wconf 89' lang='lat' dir='ltr'><strong>oom-</strong></span> 
     </span>
     <span class='ocr_line' id='line_1_4' title="bbox 90 564 1132 646; baseline 0.001 -19"><span class='ocrx_word' id='word_1_22' title='bbox 90 564 283 629; x_wconf 82' lang='lat' dir='ltr'><strong>mendatur‘?</strong></span> <span class='ocrx_word' id='word_1_23' title='bbox 319 583 396 627; x_wconf 88' lang='lat' dir='ltr'><strong>nam</strong></span> <span class='ocrx_word' id='word_1_24' title='bbox 419 564 445 628; x_wconf 88' lang='lat' dir='ltr'><strong>si</strong></span> <span class='ocrx_word' id='word_1_25' title='bbox 468 584 530 646; x_wconf 89' lang='lat' dir='ltr'><strong>qua</strong></span> <span class='ocrx_word' id='word_1_26' title='bbox 552 571 600 629; x_wconf 91' lang='lat' dir='ltr'><strong>est</strong></span> <span class='ocrx_word' id='word_1_27' title='bbox 621 583 674 628; x_wconf 88' lang='lat' dir='ltr'><strong>ars</strong></span> <span class='ocrx_word' id='word_1_28' title='bbox 696 564 760 628; x_wconf 84' lang='lat' dir='ltr'><strong>alia</strong></span> <span class='ocrx_word' id='word_1_29' title='bbox 782 584 864 646; x_wconf 91' lang='lat' dir='ltr'><strong>quae</strong></span> <span class='ocrx_word' id='word_1_30' title='bbox 886 565 1055 629; x_wconf 86' lang='lat' dir='ltr'><strong>verborum</strong></span> <span class='ocrx_word' id='word_1_31' title='bbox 1077 570 1132 628; x_wconf 90' lang='lat' dir='ltr'><strong>aut</strong></span> 
     </span>
     <span class='ocr_line' id='line_1_5' title="bbox 89 667 1130 752; baseline 0 -21"><span class='ocrx_word' id='word_1_32' title='bbox 89 668 309 734; x_wconf 85' lang='lat' dir='ltr'><strong>faciendorum</strong></span> <span class='ocrx_word' id='word_1_33' title='bbox 332 674 388 732; x_wconf 86' lang='lat' dir='ltr'><strong>aut</strong></span> <span class='ocrx_word' id='word_1_34' title='bbox 410 667 615 749; x_wconf 84' lang='lat' dir='ltr'><strong>legendorum</strong></span> <span class='ocrx_word' id='word_1_35' title='bbox 635 667 800 734; x_wconf 84' lang='lat' dir='ltr'><strong>seientiam</strong></span> <span class='ocrx_word' id='word_1_36' title='bbox 816 667 1009 752; x_wconf 87' lang='lat' dir='ltr'><strong>profiteatur,</strong></span> <span class='ocrx_word' id='word_1_37' title='bbox 1032 673 1088 732; x_wconf 86' lang='lat' dir='ltr'><strong>aut</strong></span> <span class='ocrx_word' id='word_1_38' title='bbox 1104 667 1130 732; x_wconf 94' lang='lat' dir='ltr'><strong>si</strong></span> 
     </span>
     <span class='ocr_line' id='line_1_6' title="bbox 58 770 1131 855; baseline 0.007 -26"><span class='ocrx_word' id='word_1_39' title='bbox 58 772 259 855; x_wconf 77' lang='lat' dir='ltr'><strong>equisquam</strong></span> <span class='ocrx_word' id='word_1_40' title='bbox 283 771 400 837; x_wconf 88' lang='lat' dir='ltr'><strong>dieitur</strong></span> <span class='ocrx_word' id='word_1_41' title='bbox 421 770 483 835; x_wconf 91' lang='lat' dir='ltr'><strong>nisi</strong></span> <span class='ocrx_word' id='word_1_42' title='bbox 505 777 611 837; x_wconf 90' lang='lat' dir='ltr'><strong>orator</strong></span> <span class='ocrx_word' id='word_1_43' title='bbox 639 771 776 836; x_wconf 88' lang='lat' dir='ltr'><strong>formare</strong></span> <span class='ocrx_word' id='word_1_44' title='bbox 799 770 973 835; x_wconf 87' lang='lat' dir='ltr'><strong>orationem</strong></span> <span class='ocrx_word' id='word_1_45' title='bbox 996 790 1131 853; x_wconf 88' lang='lat' dir='ltr'><strong>eamque</strong></span> 
     </span>
     <span class='ocr_line' id='line_1_7' title="bbox 89 874 1131 958; baseline 0.001 -19"><span class='ocrx_word' id='word_1_46' title='bbox 89 877 212 940; x_wconf 86' lang='lat' dir='ltr'><strong>variare</strong></span> <span class='ocrx_word' id='word_1_47' title='bbox 229 883 262 941; x_wconf 89' lang='lat' dir='ltr'><strong>et</strong></span> <span class='ocrx_word' id='word_1_48' title='bbox 279 875 476 958; x_wconf 77' lang='lat' dir='ltr'><strong>distinguere</strong></span> <span class='ocrx_word' id='word_1_49' title='bbox 492 875 581 958; x_wconf 84' lang='lat' dir='ltr'><strong>quasi</strong></span> <span class='ocrx_word' id='word_1_50' title='bbox 605 874 795 957; x_wconf 90' lang='lat' dir='ltr'><strong>quibusdam</strong></span> <span class='ocrx_word' id='word_1_51' title='bbox 817 875 985 941; x_wconf 84' lang='lat' dir='ltr'><strong>verborum</strong></span> <span class='ocrx_word' id='word_1_52' title='bbox 1008 880 1131 941; x_wconf 88' lang='lat' dir='ltr'><strong>senten-</strong></span> 
     </span>
     <span class='ocr_line' id='line_1_8' title="bbox 90 978 1131 1062; baseline 0.001 -19"><span class='ocrx_word' id='word_1_53' title='bbox 90 981 268 1062; x_wconf 86' lang='lat' dir='ltr'><strong>tiarumque</strong></span> <span class='ocrx_word' id='word_1_54' title='bbox 292 978 482 1062; x_wconf 83' lang='lat' dir='ltr'><strong>insignibus,</strong></span> <span class='ocrx_word' id='word_1_55' title='bbox 514 986 568 1043; x_wconf 89' lang='lat' dir='ltr'><strong>aut</strong></span> <span class='ocrx_word' id='word_1_56' title='bbox 599 979 626 1044; x_wconf 90' lang='lat' dir='ltr'><strong>si</strong></span> <span class='ocrx_word' id='word_1_57' title='bbox 649 979 703 1044; x_wconf 89' lang='lat' dir='ltr'><strong>via</strong></span> <span class='ocrx_word' id='word_1_58' title='bbox 732 978 798 1042; x_wconf 84' lang='lat' dir='ltr'><strong>nlla</strong></span> <span class='ocrx_word' id='word_1_59' title='bbox 827 978 889 1043; x_wconf 94' lang='lat' dir='ltr'><strong>nisi</strong></span> <span class='ocrx_word' id='word_1_60' title='bbox 911 979 952 1043; x_wconf 85' lang='lat' dir='ltr'><strong>ab</strong></span> <span class='ocrx_word' id='word_1_61' title='bbox 979 978 1041 1044; x_wconf 82' lang='lat' dir='ltr'><strong>hat</strong></span> <span class='ocrx_word' id='word_1_62' title='bbox 1063 988 1131 1044; x_wconf 87' lang='lat' dir='ltr'><strong>arte</strong></span> 
     </span>
     <span class='ocr_line' id='line_1_9' title="bbox 92 1082 1132 1164; baseline 0.002 -18"><span class='ocrx_word' id='word_1_63' title='bbox 92 1082 224 1147; x_wconf 81' lang='lat' dir='ltr'><strong>traditur</strong></span> <span class='ocrx_word' id='word_1_64' title='bbox 240 1090 299 1148; x_wconf 90' lang='lat' dir='ltr'><strong>aut</strong></span> <span class='ocrx_word' id='word_1_65' title='bbox 321 1089 578 1164; x_wconf 84' lang='lat' dir='ltr'><strong>argumentorum</strong></span> <span class='ocrx_word' id='word_1_66' title='bbox 600 1090 655 1147; x_wconf 89' lang='lat' dir='ltr'><strong>aut</strong></span> <span class='ocrx_word' id='word_1_67' title='bbox 670 1083 900 1146; x_wconf 86' lang='lat' dir='ltr'><strong>sententiarum</strong></span> <span class='ocrx_word' id='word_1_68' title='bbox 922 1089 978 1147; x_wconf 88' lang='lat' dir='ltr'><strong>aut</strong></span> <span class='ocrx_word' id='word_1_69' title='bbox 993 1082 1132 1164; x_wconf 90' lang='lat' dir='ltr'><strong>denique</strong></span> 
     </span>
     <span class='ocr_line' id='line_1_10' title="bbox 90 1185 1133 1272; baseline 0.004 -24"><span class='ocrx_word' id='word_1_70' title='bbox 90 1185 306 1272; x_wconf 78' lang='lat' dir='ltr'><strong>discriptionis</strong></span> <span class='ocrx_word' id='word_1_71' title='bbox 335 1194 431 1268; x_wconf 87' lang='lat' dir='ltr'><strong>atque</strong></span> <span class='ocrx_word' id='word_1_72' title='bbox 453 1186 581 1268; x_wconf 85' lang='lat' dir='ltr'><strong>ordinis,</strong></span> <span class='ocrx_word' id='word_1_73' title='bbox 604 1186 761 1252; x_wconf 82' lang='lat' dir='ltr'><strong>fateamur</strong></span> <span class='ocrx_word' id='word_1_74' title='bbox 783 1193 837 1251; x_wconf 90' lang='lat' dir='ltr'><strong>aut</strong></span> <span class='ocrx_word' id='word_1_75' title='bbox 859 1187 920 1252; x_wconf 87' lang='lat' dir='ltr'><strong>hoo</strong></span> <span class='ocrx_word' id='word_1_76' title='bbox 942 1186 1025 1270; x_wconf 90' lang='lat' dir='ltr'><strong>quod</strong></span> <span class='ocrx_word' id='word_1_77' title='bbox 1052 1186 1133 1252; x_wconf 84' lang='lat' dir='ltr'><strong>haee</strong></span> 
     </span>
     <span class='ocr_line' id='line_1_11' title="bbox 48 1290 1132 1374; baseline 0.003 -22"><span class='ocrx_word' id='word_1_78' title='bbox 48 1300 75 1346; x_wconf 86' lang='lat'><strong>10</strong></span> <span class='ocrx_word' id='word_1_79' title='bbox 90 1310 141 1354; x_wconf 90' lang='lat' dir='ltr'><strong>ars</strong></span> <span class='ocrx_word' id='word_1_80' title='bbox 162 1291 352 1374; x_wconf 88' lang='lat' dir='ltr'><strong>profiteatur</strong></span> <span class='ocrx_word' id='word_1_81' title='bbox 381 1290 519 1354; x_wconf 88' lang='lat' dir='ltr'><strong>alienum</strong></span> <span class='ocrx_word' id='word_1_82' title='bbox 551 1309 620 1354; x_wconf 88' lang='lat' dir='ltr'><strong>esse</strong></span> <span class='ocrx_word' id='word_1_83' title='bbox 654 1297 709 1354; x_wconf 90' lang='lat' dir='ltr'><strong>aut</strong></span> <span class='ocrx_word' id='word_1_84' title='bbox 740 1309 811 1355; x_wconf 88' lang='lat' dir='ltr'><strong>oum</strong></span> <span class='ocrx_word' id='word_1_85' title='bbox 842 1290 905 1354; x_wconf 86' lang='lat' dir='ltr'><strong>alia</strong></span> <span class='ocrx_word' id='word_1_86' title='bbox 934 1291 1042 1373; x_wconf 90' lang='lat' dir='ltr'><strong>aliqua</strong></span> <span class='ocrx_word' id='word_1_87' title='bbox 1064 1298 1132 1356; x_wconf 89' lang='lat' dir='ltr'><strong>arte</strong></span> 
     </span>
     <span class='ocr_line' id='line_1_12' title="bbox 92 1392 1184 1477; baseline -0.003 -21"><span class='ocrx_word' id='word_1_88' title='bbox 92 1413 159 1459; x_wconf 89' lang='lat' dir='ltr'><strong>esse</strong></span> <span class='ocrx_word' id='word_1_89' title='bbox 182 1412 361 1458; x_wconf 76' lang='lat' dir='ltr'><strong>commune.</strong></span> <span class='ocrx_word' id='word_1_90' title='bbox 409 1393 465 1457; x_wconf 89' lang='lat' dir='ltr'><strong>sed</strong></span> <span class='ocrx_word' id='word_1_91' title='bbox 495 1392 521 1457; x_wconf 92' lang='lat' dir='ltr'><strong>si</strong></span> <span class='ocrx_word' id='word_1_92' title='bbox 551 1393 585 1458; x_wconf 94' lang='lat' dir='ltr'><strong>in</strong></span> <span class='ocrx_word' id='word_1_93' title='bbox 615 1393 676 1458; x_wconf 83' lang='lat' dir='ltr'><strong>hae</strong></span> <span class='ocrx_word' id='word_1_94' title='bbox 705 1413 770 1458; x_wconf 88' lang='lat' dir='ltr'><strong>una</strong></span> <span class='ocrx_word' id='word_1_95' title='bbox 797 1401 845 1458; x_wconf 89' lang='lat' dir='ltr'><strong>est</strong></span> <span class='ocrx_word' id='word_1_96' title='bbox 869 1413 907 1458; x_wconf 87' lang='lat' dir='ltr'><strong>ea</strong></span> <span class='ocrx_word' id='word_1_97' title='bbox 933 1395 1014 1460; x_wconf 87' lang='lat' dir='ltr'><strong>ratio</strong></span> <span class='ocrx_word' id='word_1_98' title='bbox 1036 1400 1131 1477; x_wconf 89' lang='lat' dir='ltr'><strong>atque</strong></span> <span class='ocrx_word' id='word_1_99' title='bbox 1151 1405 1184 1454; x_wconf 81' lang='lat' dir='ltr'><strong>ar</strong></span> 
     </span>
     <span class='ocr_line' id='line_1_13' title="bbox 92 1496 1131 1580; baseline 0.003 -20"><span class='ocrx_word' id='word_1_100' title='bbox 92 1496 243 1577; x_wconf 86' lang='lat' dir='ltr'><strong>doetrina,</strong></span> <span class='ocrx_word' id='word_1_101' title='bbox 260 1516 336 1576; x_wconf 93' lang='lat' dir='ltr'><strong>non,</strong></span> <span class='ocrx_word' id='word_1_102' title='bbox 353 1496 380 1561; x_wconf 89' lang='lat' dir='ltr'><strong>si</strong></span> <span class='ocrx_word' id='word_1_103' title='bbox 403 1497 456 1577; x_wconf 92' lang='lat' dir='ltr'><strong>qui</strong></span> <span class='ocrx_word' id='word_1_104' title='bbox 478 1496 611 1561; x_wconf 89' lang='lat' dir='ltr'><strong>aliarum</strong></span> <span class='ocrx_word' id='word_1_105' title='bbox 632 1497 748 1562; x_wconf 91' lang='lat' dir='ltr'><strong>artium</strong></span> <span class='ocrx_word' id='word_1_106' title='bbox 770 1498 853 1563; x_wconf 89' lang='lat' dir='ltr'><strong>bene</strong></span> <span class='ocrx_word' id='word_1_107' title='bbox 875 1498 971 1563; x_wconf 89' lang='lat' dir='ltr'><strong>loouti</strong></span> <span class='ocrx_word' id='word_1_108' title='bbox 993 1505 1076 1580; x_wconf 90' lang='lat' dir='ltr'><strong>sunt,</strong></span> <span class='ocrx_word' id='word_1_109' title='bbox 1094 1519 1131 1564; x_wconf 89' lang='lat' dir='ltr'><strong>eo</strong></span> 
     </span>
     <span class='ocr_line' id='line_1_14' title="bbox 95 1600 1131 1686; baseline 0.004 -23"><span class='ocrx_word' id='word_1_110' title='bbox 95 1602 197 1666; x_wconf 92' lang='lat' dir='ltr'><strong>minus</strong></span> <span class='ocrx_word' id='word_1_111' title='bbox 220 1600 255 1665; x_wconf 92' lang='lat' dir='ltr'><strong>id</strong></span> <span class='ocrx_word' id='word_1_112' title='bbox 279 1607 328 1665; x_wconf 88' lang='lat' dir='ltr'><strong>est</strong></span> <span class='ocrx_word' id='word_1_113' title='bbox 350 1600 443 1665; x_wconf 87' lang='lat' dir='ltr'><strong>huius</strong></span> <span class='ocrx_word' id='word_1_114' title='bbox 458 1601 552 1666; x_wconf 87' lang='lat' dir='ltr'><strong>unius</strong></span> <span class='ocrx_word' id='word_1_115' title='bbox 568 1601 742 1686; x_wconf 78' lang='lat' dir='ltr'><strong>proprium3</strong></span> <span class='ocrx_word' id='word_1_116' title='bbox 767 1600 824 1666; x_wconf 90' lang='lat' dir='ltr'><strong>sed</strong></span> <span class='ocrx_word' id='word_1_117' title='bbox 847 1608 882 1666; x_wconf 91' lang='lat' dir='ltr'><strong>ut</strong></span> <span class='ocrx_word' id='word_1_118' title='bbox 903 1611 1007 1668; x_wconf 87' lang='lat' dir='ltr'><strong>orator</strong></span> <span class='ocrx_word' id='word_1_119' title='bbox 1029 1601 1069 1666; x_wconf 90' lang='lat' dir='ltr'><strong>de</strong></span> <span class='ocrx_word' id='word_1_120' title='bbox 1092 1603 1131 1667; x_wconf 89' lang='lat' dir='ltr'><strong>iis</strong></span> 
     </span>
     <span class='ocr_line' id='line_1_15' title="bbox 92 1705 1130 1787; baseline 0.004 -21"><span class='ocrx_word' id='word_1_121' title='bbox 92 1705 183 1769; x_wconf 89' lang='lat' dir='ltr'><strong>rebus</strong></span> <span class='ocrx_word' id='word_1_122' title='bbox 206 1723 290 1787; x_wconf 87' lang='lat' dir='ltr'><strong>quae</strong></span> <span class='ocrx_word' id='word_1_123' title='bbox 314 1710 489 1770; x_wconf 83' lang='lat' dir='ltr'><strong>ceterarum</strong></span> <span class='ocrx_word' id='word_1_124' title='bbox 512 1705 626 1770; x_wconf 87' lang='lat' dir='ltr'><strong>artium</strong></span> <span class='ocrx_word' id='word_1_125' title='bbox 649 1712 733 1785; x_wconf 91' lang='lat' dir='ltr'><strong>sunt,</strong></span> <span class='ocrx_word' id='word_1_126' title='bbox 749 1706 775 1770; x_wconf 93' lang='lat' dir='ltr'><strong>si</strong></span> <span class='ocrx_word' id='word_1_127' title='bbox 791 1705 885 1771; x_wconf 88' lang='lat' dir='ltr'><strong>modo</strong></span> <span class='ocrx_word' id='word_1_128' title='bbox 901 1725 956 1770; x_wconf 85' lang='lat' dir='ltr'><strong>eas</strong></span> <span class='ocrx_word' id='word_1_129' title='bbox 972 1706 1130 1787; x_wconf 79' lang='lat' dir='ltr'><strong>cognovit,</strong></span> 
     </span>
     <span class='ocr_line' id='line_1_16' title="bbox 49 1808 1130 1893; baseline 0.002 -23"><span class='ocrx_word' id='word_1_130' title='bbox 49 1815 76 1861; x_wconf 75' lang='lat'><strong>¹⁵</strong></span> <span class='ocrx_word' id='word_1_131' title='bbox 91 1815 123 1870; x_wconf 91' lang='lat' dir='ltr'><strong>ut</strong></span> <span class='ocrx_word' id='word_1_132' title='bbox 144 1808 214 1873; x_wconf 90' lang='lat' dir='ltr'><strong>heri</strong></span> <span class='ocrx_word' id='word_1_133' title='bbox 237 1808 374 1873; x_wconf 81' lang='lat' dir='ltr'><strong>Crassus</strong></span> <span class='ocrx_word' id='word_1_134' title='bbox 405 1808 539 1890; x_wconf 89' lang='lat' dir='ltr'><strong>dioebat,</strong></span> <span class='ocrx_word' id='word_1_135' title='bbox 567 1811 685 1893; x_wconf 91' lang='lat' dir='ltr'><strong>optime</strong></span> <span class='ocrx_word' id='word_1_136' title='bbox 708 1816 813 1892; x_wconf 90' lang='lat' dir='ltr'><strong>potest</strong></span> <span class='ocrx_word' id='word_1_137' title='bbox 843 1809 958 1890; x_wconf 81' lang='lat' dir='ltr'><strong>dicere,</strong></span> <span class='ocrx_word' id='word_1_138' title='bbox 982 1809 1028 1872; x_wconf 87' lang='lat' dir='ltr'><strong>sie</strong></span> <span class='ocrx_word' id='word_1_139' title='bbox 1051 1815 1130 1872; x_wconf 89' lang='lat' dir='ltr'><strong>oete-</strong></span> 
     </span>
     <span class='ocr_line' id='line_1_17' title="bbox 92 1910 1129 1993; baseline 0 -19"><span class='ocrx_word' id='word_1_140' title='bbox 92 1931 193 1976; x_wconf 92' lang='lat' dir='ltr'><strong>rarum</strong></span> <span class='ocrx_word' id='word_1_141' title='bbox 216 1911 335 1977; x_wconf 89' lang='lat' dir='ltr'><strong>artium</strong></span> <span class='ocrx_word' id='word_1_142' title='bbox 358 1912 502 1978; x_wconf 89' lang='lat' dir='ltr'><strong>homines</strong></span> <span class='ocrx_word' id='word_1_143' title='bbox 525 1915 666 1980; x_wconf 88' lang='lat' dir='ltr'><strong>ornatius</strong></span> <span class='ocrx_word' id='word_1_144' title='bbox 689 1914 743 1978; x_wconf 89' lang='lat' dir='ltr'><strong>illa</strong></span> <span class='ocrx_word' id='word_1_145' title='bbox 773 1933 831 1979; x_wconf 88' lang='lat' dir='ltr'><strong>sua</strong></span> <span class='ocrx_word' id='word_1_146' title='bbox 854 1912 972 1992; x_wconf 86' lang='lat' dir='ltr'><strong>dieunt,</strong></span> <span class='ocrx_word' id='word_1_147' title='bbox 1004 1911 1030 1976; x_wconf 87' lang='lat' dir='ltr'><strong>si</strong></span> <span class='ocrx_word' id='word_1_148' title='bbox 1053 1910 1129 1993; x_wconf 90' lang='lat' dir='ltr'><strong>quid</strong></span> 
     </span>
     <span class='ocr_line' id='line_1_18' title="bbox 91 2014 1183 2101; baseline -0.005 -23"><span class='ocrx_word' id='word_1_149' title='bbox 91 2016 130 2079; x_wconf 88' lang='lat' dir='ltr'><strong>ab</strong></span> <span class='ocrx_word' id='word_1_150' title='bbox 152 2016 212 2081; x_wconf 88' lang='lat' dir='ltr'><strong>hao</strong></span> <span class='ocrx_word' id='word_1_151' title='bbox 235 2023 305 2081; x_wconf 85' lang='lat' dir='ltr'><strong>arte</strong></span> <span class='ocrx_word' id='word_1_152' title='bbox 328 2014 514 2082; x_wconf 87' lang='lat' dir='ltr'><strong>didioerunt.</strong></span> <span class='ocrx_word' id='word_1_153' title='bbox 561 2018 765 2101; x_wconf 87' lang='lat' dir='ltr'><strong>nequeenim</strong></span> <span class='ocrx_word' id='word_1_154' title='bbox 789 2017 815 2082; x_wconf 92' lang='lat' dir='ltr'><strong>si</strong></span> <span class='ocrx_word' id='word_1_155' title='bbox 838 2016 879 2081; x_wconf 91' lang='lat' dir='ltr'><strong>de</strong></span> <span class='ocrx_word' id='word_1_156' title='bbox 894 2015 1019 2080; x_wconf 81' lang='lat' dir='ltr'><strong>rusticis</strong></span> <span class='ocrx_word' id='word_1_157' title='bbox 1034 2017 1129 2080; x_wconf 89' lang='lat' dir='ltr'><strong>rebus</strong></span> <span class='ocrx_word' id='word_1_158' title='bbox 1149 2025 1183 2073; x_wconf 82' lang='lat'><strong>38</strong></span> 
     </span>
     <span class='ocr_line' id='line_1_19' title="bbox 92 2118 1129 2205; baseline -0.004 -19"><span class='ocrx_word' id='word_1_159' title='bbox 92 2121 228 2203; x_wconf 79' lang='lat' dir='ltr'><strong>agricola</strong></span> <span class='ocrx_word' id='word_1_160' title='bbox 251 2120 410 2205; x_wconf 86' lang='lat' dir='ltr'><strong>quispiam</strong></span> <span class='ocrx_word' id='word_1_161' title='bbox 432 2129 486 2186; x_wconf 90' lang='lat' dir='ltr'><strong>aut</strong></span> <span class='ocrx_word' id='word_1_162' title='bbox 509 2122 613 2204; x_wconf 90' lang='lat' dir='ltr'><strong>etiam,</strong></span> <span class='ocrx_word' id='word_1_163' title='bbox 637 2122 671 2186; x_wconf 90' lang='lat' dir='ltr'><strong>id</strong></span> <span class='ocrx_word' id='word_1_164' title='bbox 694 2122 778 2203; x_wconf 92' lang='lat' dir='ltr'><strong>quod</strong></span> <span class='ocrx_word' id='word_1_165' title='bbox 801 2121 901 2201; x_wconf 89' lang='lat' dir='ltr'><strong>multi,</strong></span> <span class='ocrx_word' id='word_1_166' title='bbox 924 2119 1067 2184; x_wconf 83' lang='lat' dir='ltr'><strong>medicus</strong></span> <span class='ocrx_word' id='word_1_167' title='bbox 1088 2118 1129 2183; x_wconf 88' lang='lat' dir='ltr'><strong>de</strong></span> 
     </span>
     <span class='ocr_line' id='line_1_20' title="bbox 92 2223 1127 2311; baseline 0 -24"><span class='ocrx_word' id='word_1_168' title='bbox 92 2225 205 2290; x_wconf 87' lang='lat' dir='ltr'><strong>morbis</strong></span> <span class='ocrx_word' id='word_1_169' title='bbox 228 2231 285 2289; x_wconf 90' lang='lat' dir='ltr'><strong>aut</strong></span> <span class='ocrx_word' id='word_1_170' title='bbox 309 2224 336 2289; x_wconf 92' lang='lat' dir='ltr'><strong>si</strong></span> <span class='ocrx_word' id='word_1_171' title='bbox 358 2224 399 2290; x_wconf 93' lang='lat' dir='ltr'><strong>de</strong></span> <span class='ocrx_word' id='word_1_172' title='bbox 421 2226 582 2310; x_wconf 83' lang='lat' dir='ltr'><strong>pingendo</strong></span> <span class='ocrx_word' id='word_1_173' title='bbox 604 2228 706 2311; x_wconf 91' lang='lat' dir='ltr'><strong>piotor</strong></span> <span class='ocrx_word' id='word_1_174' title='bbox 727 2226 842 2307; x_wconf 89' lang='lat' dir='ltr'><strong>aliquis</strong></span> <span class='ocrx_word' id='word_1_175' title='bbox 865 2225 982 2290; x_wconf 88' lang='lat' dir='ltr'><strong>diserte</strong></span> <span class='ocrx_word' id='word_1_176' title='bbox 998 2223 1127 2308; x_wconf 87' lang='lat' dir='ltr'><strong>seripse-</strong></span> 
     </span>
     <span class='ocr_line' id='line_1_21' title="bbox 48 2327 1128 2413; baseline 0.005 -27"><span class='ocrx_word' id='word_1_177' title='bbox 48 2341 77 2388; x_wconf 81' lang='lat' dir='ltr'><strong>no</strong></span> <span class='ocrx_word' id='word_1_178' title='bbox 93 2327 138 2390; x_wconf 88' lang='lat' dir='ltr'><strong>rit·</strong></span> <span class='ocrx_word' id='word_1_179' title='bbox 151 2337 206 2393; x_wconf 88' lang='lat' dir='ltr'><strong>ant</strong></span> <span class='ocrx_word' id='word_1_180' title='bbox 229 2328 358 2410; x_wconf 86' lang='lat' dir='ltr'><strong>dixerit,</strong></span> <span class='ocrx_word' id='word_1_181' title='bbox 382 2328 499 2395; x_wconf 83' lang='lat' dir='ltr'><strong>ideireo</strong></span> <span class='ocrx_word' id='word_1_182' title='bbox 513 2329 597 2394; x_wconf 89' lang='lat' dir='ltr'><strong>illius</strong></span> <span class='ocrx_word' id='word_1_183' title='bbox 619 2329 696 2395; x_wconf 89' lang='lat' dir='ltr'><strong>artis</strong></span> <span class='ocrx_word' id='word_1_184' title='bbox 711 2328 855 2413; x_wconf 86' lang='lat' dir='ltr'><strong>putanda</strong></span> <span class='ocrx_word' id='word_1_185' title='bbox 870 2338 918 2394; x_wconf 88' lang='lat' dir='ltr'><strong>est</strong></span> <span class='ocrx_word' id='word_1_186' title='bbox 933 2327 1128 2410; x_wconf 88' lang='lat' dir='ltr'><strong>eloquentia:</strong></span> 
     </span>
     <span class='ocr_line' id='line_1_22' title="bbox 92 2429 1128 2516; baseline 0.003 -24"><span class='ocrx_word' id='word_1_187' title='bbox 92 2429 123 2494; x_wconf 94' lang='lat' dir='ltr'><strong>in</strong></span> <span class='ocrx_word' id='word_1_188' title='bbox 153 2452 225 2514; x_wconf 88' lang='lat' dir='ltr'><strong>qua,</strong></span> <span class='ocrx_word' id='word_1_189' title='bbox 257 2432 334 2514; x_wconf 92' lang='lat' dir='ltr'><strong>quia</strong></span> <span class='ocrx_word' id='word_1_190' title='bbox 363 2432 412 2497; x_wconf 91' lang='lat' dir='ltr'><strong>vis</strong></span> <span class='ocrx_word' id='word_1_191' title='bbox 443 2453 561 2516; x_wconf 86' lang='lat' dir='ltr'><strong>magna</strong></span> <span class='ocrx_word' id='word_1_192' title='bbox 591 2441 639 2499; x_wconf 89' lang='lat' dir='ltr'><strong>est</strong></span> <span class='ocrx_word' id='word_1_193' title='bbox 661 2432 695 2496; x_wconf 93' lang='lat' dir='ltr'><strong>iu</strong></span> <span class='ocrx_word' id='word_1_194' title='bbox 726 2431 890 2497; x_wconf 90' lang='lat' dir='ltr'><strong>hominum</strong></span> <span class='ocrx_word' id='word_1_195' title='bbox 920 2431 1067 2515; x_wconf 86' lang='lat' dir='ltr'><strong>ingeniis,</strong></span> <span class='ocrx_word' id='word_1_196' title='bbox 1091 2451 1128 2496; x_wconf 87' lang='lat' dir='ltr'><strong>eo</strong></span> 
     </span>
     <span class='ocr_line' id='line_1_23' title="bbox 92 2534 1128 2619; baseline 0.002 -23"><span class='ocrx_word' id='word_1_197' title='bbox 92 2535 177 2599; x_wconf 91' lang='lat' dir='ltr'><strong>multi</strong></span> <span class='ocrx_word' id='word_1_198' title='bbox 193 2536 290 2600; x_wconf 86' lang='lat' dir='ltr'><strong>etiam</strong></span> <span class='ocrx_word' id='word_1_199' title='bbox 306 2535 375 2599; x_wconf 87' lang='lat' dir='ltr'><strong>sine</strong></span> <span class='ocrx_word' id='word_1_200' title='bbox 390 2534 533 2601; x_wconf 84' lang='lat' dir='ltr'><strong>doctrina</strong></span> <span class='ocrx_word' id='word_1_201' title='bbox 552 2534 672 2619; x_wconf 89' lang='lat' dir='ltr'><strong>aliquid</strong></span> <span class='ocrx_word' id='word_1_202' title='bbox 693 2536 833 2599; x_wconf 92' lang='lat' dir='ltr'><strong>omnium</strong></span> <span class='ocrx_word' id='word_1_203' title='bbox 855 2555 1008 2618; x_wconf 84' lang='lat' dir='ltr'><strong>generum</strong></span> <span class='ocrx_word' id='word_1_204' title='bbox 1033 2544 1128 2615; x_wconf 90' lang='lat' dir='ltr'><strong>atque</strong></span> 
     </span>
     <span class='ocr_line' id='line_1_24' title="bbox 91 2637 1127 2722; baseline 0.002 -24"><span class='ocrx_word' id='word_1_205' title='bbox 91 2638 201 2702; x_wconf 88' lang='lat' dir='ltr'><strong>artium</strong></span> <span class='ocrx_word' id='word_1_206' title='bbox 229 2645 472 2719; x_wconf 77' lang='lat' dir='ltr'><strong>consequuntur.</strong></span> <span class='ocrx_word' id='word_1_207' title='bbox 522 2638 579 2703; x_wconf 90' lang='lat' dir='ltr'><strong>sed</strong></span> <span class='ocrx_word' id='word_1_208' title='bbox 609 2637 686 2722; x_wconf 89' lang='lat' dir='ltr'><strong>quid</strong></span> <span class='ocrx_word' id='word_1_209' title='bbox 717 2639 867 2719; x_wconf 82' lang='lat' dir='ltr'><strong>cuiusque</strong></span> <span class='ocrx_word' id='word_1_210' title='bbox 898 2639 940 2703; x_wconf 90' lang='lat' dir='ltr'><strong>sit</strong></span> <span class='ocrx_word' id='word_1_211' title='bbox 967 2638 1127 2722; x_wconf 90' lang='lat' dir='ltr'><strong>proprium</strong></span> 
     </span>
     <span class='ocr_line' id='line_1_25' title="bbox 92 2738 1126 2824; baseline 0.002 -21"><span class='ocrx_word' id='word_1_212' title='bbox 92 2740 147 2804; x_wconf 89' lang='lat' dir='ltr'><strong>etsi</strong></span> <span class='ocrx_word' id='word_1_213' title='bbox 169 2761 210 2805; x_wconf 87' lang='lat' dir='ltr'><strong>ex</strong></span> <span class='ocrx_word' id='word_1_214' title='bbox 234 2759 272 2806; x_wconf 90' lang='lat' dir='ltr'><strong>eo</strong></span> <span class='ocrx_word' id='word_1_215' title='bbox 294 2739 428 2804; x_wconf 80' lang='lat' dir='ltr'><strong>iudicari</strong></span> <span class='ocrx_word' id='word_1_216' title='bbox 449 2748 562 2824; x_wconf 89' lang='lat' dir='ltr'><strong>potest,</strong></span> <span class='ocrx_word' id='word_1_217' title='bbox 586 2762 659 2807; x_wconf 90' lang='lat' dir='ltr'><strong>oum</strong></span> <span class='ocrx_word' id='word_1_218' title='bbox 682 2740 801 2806; x_wconf 88' lang='lat' dir='ltr'><strong>videris</strong></span> <span class='ocrx_word' id='word_1_219' title='bbox 824 2741 901 2823; x_wconf 90' lang='lat' dir='ltr'><strong>quid</strong></span> <span class='ocrx_word' id='word_1_220' title='bbox 916 2759 1060 2824; x_wconf 87' lang='lat' dir='ltr'><strong>quaeque</strong></span> <span class='ocrx_word' id='word_1_221' title='bbox 1075 2738 1126 2805; x_wconf 90' lang='lat' dir='ltr'><strong>do·</strong></span> 
     </span>
     <span class='ocr_line' id='line_1_26' title="bbox 46 2843 1127 2927; baseline 0.006 -26"><span class='ocrx_word' id='word_1_222' title='bbox 46 2855 74 2903; x_wconf 70' lang='grc' dir='ltr'><strong>ιι</strong></span> <span class='ocrx_word' id='word_1_223' title='bbox 91 2849 167 2925; x_wconf 86' lang='lat' dir='ltr'><strong>oeat,</strong></span> <span class='ocrx_word' id='word_1_224' title='bbox 198 2851 307 2908; x_wconf 87' lang='lat' dir='ltr'><strong>tamen</strong></span> <span class='ocrx_word' id='word_1_225' title='bbox 339 2843 398 2908; x_wconf 91' lang='lat' dir='ltr'><strong>hoo</strong></span> <span class='ocrx_word' id='word_1_226' title='bbox 429 2844 544 2908; x_wconf 83' lang='lat' dir='ltr'><strong>certius</strong></span> <span class='ocrx_word' id='word_1_227' title='bbox 575 2863 645 2910; x_wconf 88' lang='lat' dir='ltr'><strong>esse</strong></span> <span class='ocrx_word' id='word_1_228' title='bbox 675 2845 755 2908; x_wconf 92' lang='lat' dir='ltr'><strong>nihil</strong></span> <span class='ocrx_word' id='word_1_229' title='bbox 784 2850 889 2927; x_wconf 88' lang='lat' dir='ltr'><strong>potest</strong></span> <span class='ocrx_word' id='word_1_230' title='bbox 919 2865 1013 2926; x_wconf 88' lang='lat' dir='ltr'><strong>quam</strong></span> <span class='ocrx_word' id='word_1_231' title='bbox 1044 2843 1127 2926; x_wconf 91' lang='lat' dir='ltr'><strong>quod</strong></span> 
     </span>
     <span class='ocr_line' id='line_1_27' title="bbox 91 2946 1126 3033; baseline 0.002 -24"><span class='ocrx_word' id='word_1_232' title='bbox 91 2965 197 3012; x_wconf 88' lang='lat' dir='ltr'><strong>omnes</strong></span> <span class='ocrx_word' id='word_1_233' title='bbox 219 2953 305 3012; x_wconf 84' lang='lat' dir='ltr'><strong>artes</strong></span> <span class='ocrx_word' id='word_1_234' title='bbox 327 2947 409 3011; x_wconf 85' lang='lat' dir='ltr'><strong>aliae</strong></span> <span class='ocrx_word' id='word_1_235' title='bbox 432 2946 501 3012; x_wconf 89' lang='lat' dir='ltr'><strong>sine</strong></span> <span class='ocrx_word' id='word_1_236' title='bbox 524 2947 705 3030; x_wconf 85' lang='lat' dir='ltr'><strong>eloquentia</strong></span> <span class='ocrx_word' id='word_1_237' title='bbox 728 2967 819 3012; x_wconf 92' lang='lat' dir='ltr'><strong>suum</strong></span> <span class='ocrx_word' id='word_1_238' title='bbox 834 2966 949 3012; x_wconf 89' lang='lat' dir='ltr'><strong>munus</strong></span> <span class='ocrx_word' id='word_1_239' title='bbox 964 2953 1126 3033; x_wconf 90' lang='lat' dir='ltr'><strong>praestare</strong></span> 
     </span>
     <span class='ocr_line' id='line_1_28' title="bbox 91 3050 1125 3134; baseline 0 -20"><span class='ocrx_word' id='word_1_240' title='bbox 91 3057 228 3131; x_wconf 82' lang='lat' dir='ltr'><strong>possunt,</strong></span> <span class='ocrx_word' id='word_1_241' title='bbox 252 3057 357 3115; x_wconf 90' lang='lat' dir='ltr'><strong>orator</strong></span> <span class='ocrx_word' id='word_1_242' title='bbox 379 3051 447 3114; x_wconf 88' lang='lat' dir='ltr'><strong>sine</strong></span> <span class='ocrx_word' id='word_1_243' title='bbox 471 3070 509 3114; x_wconf 86' lang='lat' dir='ltr'><strong>ea</strong></span> <span class='ocrx_word' id='word_1_244' title='bbox 532 3069 648 3115; x_wconf 91' lang='lat' dir='ltr'><strong>nomeu</strong></span> <span class='ocrx_word' id='word_1_245' title='bbox 664 3050 807 3115; x_wconf 88' lang='lat' dir='ltr'><strong>obtinere</strong></span> <span class='ocrx_word' id='word_1_246' title='bbox 823 3069 914 3114; x_wconf 92' lang='lat' dir='ltr'><strong>suum</strong></span> <span class='ocrx_word' id='word_1_247' title='bbox 929 3069 993 3114; x_wconf 93' lang='lat' dir='ltr'><strong>non</strong></span> <span class='ocrx_word' id='word_1_248' title='bbox 1008 3056 1125 3134; x_wconf 86' lang='lat' dir='ltr'><strong>potest;</strong></span> 
     </span>
     <span class='ocr_line' id='line_1_29' title="bbox 91 3151 1124 3234; baseline 0.003 -20"><span class='ocrx_word' id='word_1_249' title='bbox 91 3159 124 3214; x_wconf 88' lang='lat' dir='ltr'><strong>ut</strong></span> <span class='ocrx_word' id='word_1_250' title='bbox 145 3153 250 3233; x_wconf 87' lang='lat' dir='ltr'><strong>oeteri,</strong></span> <span class='ocrx_word' id='word_1_251' title='bbox 275 3153 302 3217; x_wconf 87' lang='lat' dir='ltr'><strong>si</strong></span> <span class='ocrx_word' id='word_1_252' title='bbox 330 3152 439 3218; x_wconf 87' lang='lat' dir='ltr'><strong>diserti</strong></span> <span class='ocrx_word' id='word_1_253' title='bbox 471 3153 543 3234; x_wconf 89' lang='lat' dir='ltr'><strong>sint,</strong></span> <span class='ocrx_word' id='word_1_254' title='bbox 578 3151 698 3234; x_wconf 88' lang='lat' dir='ltr'><strong>aliquid</strong></span> <span class='ocrx_word' id='word_1_255' title='bbox 728 3152 769 3216; x_wconf 90' lang='lat' dir='ltr'><strong>ab</strong></span> <span class='ocrx_word' id='word_1_256' title='bbox 792 3151 852 3217; x_wconf 91' lang='lat' dir='ltr'><strong>hoo</strong></span> <span class='ocrx_word' id='word_1_257' title='bbox 881 3152 1032 3232; x_wconf 89' lang='lat' dir='ltr'><strong>habeant,</strong></span> <span class='ocrx_word' id='word_1_258' title='bbox 1063 3152 1124 3234; x_wconf 85' lang='lat' dir='ltr'><strong>hie,</strong></span> 
     </span>
     <span class='ocr_line' id='line_1_30' title="bbox 91 3253 1125 3340; baseline 0.002 -23"><span class='ocrx_word' id='word_1_259' title='bbox 91 3255 149 3321; x_wconf 90' lang='lat' dir='ltr'><strong>nisi</strong></span> <span class='ocrx_word' id='word_1_260' title='bbox 172 3255 354 3322; x_wconf 78' lang='lat' dir='ltr'><strong>domesticis</strong></span> <span class='ocrx_word' id='word_1_261' title='bbox 377 3275 411 3320; x_wconf 89' lang='lat' dir='ltr'><strong>se</strong></span> <span class='ocrx_word' id='word_1_262' title='bbox 433 3256 619 3320; x_wconf 85' lang='lat' dir='ltr'><strong>instruxerit</strong></span> <span class='ocrx_word' id='word_1_263' title='bbox 642 3256 750 3340; x_wconf 89' lang='lat' dir='ltr'><strong>oopiis,</strong></span> <span class='ocrx_word' id='word_1_264' title='bbox 773 3255 901 3320; x_wconf 86' lang='lat' dir='ltr'><strong>aliunde</strong></span> <span class='ocrx_word' id='word_1_265' title='bbox 928 3253 1055 3319; x_wconf 84' lang='lat' dir='ltr'><strong>dicendi</strong></span> <span class='ocrx_word' id='word_1_266' title='bbox 1078 3275 1125 3319; x_wconf 89' lang='lat' dir='ltr'><strong>oo·</strong></span> 
     </span>
     <span class='ocr_line' id='line_1_31' title="bbox 48 3354 1074 3444; baseline 0.002 -24"><span class='ocrx_word' id='word_1_267' title='bbox 48 3371 77 3420; x_wconf 86' lang='lat'><strong>³0</strong></span> <span class='ocrx_word' id='word_1_268' title='bbox 92 3359 175 3440; x_wconf 89' lang='lat' dir='ltr'><strong>piam</strong></span> <span class='ocrx_word' id='word_1_269' title='bbox 197 3366 307 3444; x_wconf 88' lang='lat' dir='ltr'><strong>petere</strong></span> <span class='ocrx_word' id='word_1_270' title='bbox 329 3380 392 3424; x_wconf 91' lang='lat' dir='ltr'><strong>non</strong></span> <span class='ocrx_word' id='word_1_271' title='bbox 416 3354 538 3442; x_wconf 78' lang='lat' dir='ltr'><strong>possit-³</strong></span> <span class='ocrx_word' id='word_1_272' title='bbox 1072 3377 1074 3382; x_wconf 89' lang='lat'>·</span> 
     </span>
     <span class='ocr_line' id='line_1_32' title="bbox 189 3433 1179 3553; baseline -0.004 -25"><span class='ocrx_word' id='word_1_273' title='bbox 189 3463 426 3528; x_wconf 75' lang='lat' dir='ltr'><strong>tumeamus</strong></span> <span class='ocrx_word' id='word_1_274' title='bbox 454 3454 536 3526; x_wconf 74' lang='lat' dir='ltr'><strong>‘ersi’</strong></span> <span class='ocrx_word' id='word_1_275' title='bbox 566 3462 670 3544; x_wconf 85' lang='lat' dir='ltr'><strong>inquit</strong></span> <span class='ocrx_word' id='word_1_276' title='bbox 699 3454 838 3544; x_wconf 69' lang='lat' dir='ltr'><strong>notoni,</strong></span> <span class='ocrx_word' id='word_1_277' title='bbox 870 3460 999 3524; x_wconf 69' lang='lat' dir='ltr'><strong>minime</strong></span> <span class='ocrx_word' id='word_1_278' title='bbox 1029 3459 1125 3543; x_wconf 83' lang='lat' dir='ltr'><strong>impe·</strong></span> <span class='ocrx_word' id='word_1_279' title='bbox 1144 3433 1179 3553; x_wconf 53' lang='grc' dir='ltr'><strong>ἐξ</strong></span> 
     </span>
     <span class='ocr_line' id='line_1_33' title="bbox 92 3562 1124 3648; baseline 0 -20"><span class='ocrx_word' id='word_1_280' title='bbox 92 3562 222 3631; x_wconf 91' lang='lat' dir='ltr'><strong>diendus</strong></span> <span class='ocrx_word' id='word_1_281' title='bbox 256 3571 305 3630; x_wconf 90' lang='lat' dir='ltr'><strong>est</strong></span> <span class='ocrx_word' id='word_1_282' title='bbox 334 3564 587 3648; x_wconf 87' lang='lat' dir='ltr'><strong>interpellatione</strong></span> <span class='ocrx_word' id='word_1_283' title='bbox 621 3565 681 3630; x_wconf 88' lang='lat' dir='ltr'><strong>iste</strong></span> <span class='ocrx_word' id='word_1_284' title='bbox 715 3584 823 3629; x_wconf 88' lang='lat' dir='ltr'><strong>oureus</strong></span> <span class='ocrx_word' id='word_1_285' title='bbox 857 3562 1006 3627; x_wconf 87' lang='lat' dir='ltr'><strong>orationis</strong></span> <span class='ocrx_word' id='word_1_286' title='bbox 1039 3567 1124 3644; x_wconf 92' lang='lat' dir='ltr'><strong>tuae,</strong></span> 
     </span>
    </p>
   </div>
   <div class='ocr_carea' id='block_1_3' title="bbox 90 3659 1124 3850">
    <p class='ocr_par' dir='ltr' id='par_1_3' title="bbox 90 3659 1124 3850">
     <span class='ocr_line' id='line_1_34' title="bbox 90 3659 1124 3750; baseline -0.004 -19"><span class='ocrx_word' id='word_1_287' title='bbox 90 3669 206 3749; x_wconf 87' lang='lat' dir='ltr'><strong>patiere</strong></span> <span class='ocrx_word' id='word_1_288' title='bbox 242 3677 350 3733; x_wconf 90' lang='lat' dir='ltr'><strong>tamen</strong></span> <span class='ocrx_word' id='word_1_289' title='bbox 383 3666 524 3747; x_wconf 91' lang='lat' dir='ltr'><strong>mihique</strong></span> <span class='ocrx_word' id='word_1_290' title='bbox 557 3668 712 3750; x_wconf 82' lang='lat' dir='ltr'><strong>ignosces.</strong></span> <span class='ocrx_word' id='word_1_291' title='bbox 759 3659 844 3728; x_wconf 84' lang='lat' dir='ltr'><strong>“uon</strong></span> <span class='ocrx_word' id='word_1_292' title='bbox 878 3664 961 3726; x_wconf 91' lang='lat' dir='ltr'><strong>euim</strong></span> <span class='ocrx_word' id='word_1_293' title='bbox 995 3683 1124 3744; x_wconf 87' lang='lat' dir='ltr'><strong>possum</strong></span> 
     </span>
     <span class='ocr_line' id='line_1_35' title="bbox 92 3763 1122 3850; baseline -0.009 -14"><span class='ocrx_word' id='word_1_294' title='bbox 92 3775 162 3850; x_wconf 91' lang='lat' dir='ltr'><strong>quln</strong></span> <span class='ocrx_word' id='word_1_295' title='bbox 190 3763 387 3836; x_wconf 81' lang='lat' dir='ltr'><strong>exclamem”</strong></span> <span class='ocrx_word' id='word_1_296' title='bbox 410 3775 444 3832; x_wconf 92' lang='lat' dir='ltr'><strong>ut</strong></span> <span class='ocrx_word' id='word_1_297' title='bbox 467 3769 511 3830; x_wconf 90' lang='lat' dir='ltr'><strong>ait</strong></span> <span class='ocrx_word' id='word_1_298' title='bbox 533 3768 585 3831; x_wconf 91' lang='lat' dir='ltr'><strong>ille</strong></span> <span class='ocrx_word' id='word_1_299' title='bbox 607 3768 640 3830; x_wconf 93' lang='lat' dir='ltr'><strong>in</strong></span> <span class='ocrx_word' id='word_1_300' title='bbox 663 3767 859 3828; x_wconf 83' lang='lat' dir='ltr'><strong>Trinummo:</strong></span> <span class='ocrx_word' id='word_1_301' title='bbox 890 3763 935 3824; x_wconf 89' lang='lat' dir='ltr'><strong>ita</strong></span> <span class='ocrx_word' id='word_1_302' title='bbox 957 3763 1022 3825; x_wconf 88' lang='lat' dir='ltr'><strong>vim</strong></span> <span class='ocrx_word' id='word_1_303' title='bbox 1044 3763 1122 3827; x_wconf 92' lang='lat' dir='ltr'><strong>mihi</strong></span> 
     </span>
    </p>
   </div>
   <div class='ocr_carea' id='block_1_4' title="bbox 0 0 1422 4110">
    <p class='ocr_par' dir='ltr' id='par_1_4' title="bbox 0 0 1422 4110">
     <span class='ocr_line' id='line_1_36' title="bbox 0 0 1422 4110; baseline 0 0"><span class='ocrx_word' id='word_1_304' title='bbox 0 0 1422 4110; x_wconf 95' lang='lat' dir='ltr'><strong> </strong></span> 
     </span>
    </p>
   </div>
  </div>
 </body>
</html>
