2866 4110
351 196 466 248 nisan
484 196 506 248 1.
544 195 627 250 cnr.
642 199 682 251 17.
719 199 863 260 §rr-79.
1084 181 1124 242 19

78 371 183 434 vellem
213 393 287 436 non
324 388 399 433 esse
428 357 559 438 oratoris
590 369 780 438 concederes
810 377 841 435 et
864 390 903 434 ea
924 371 994 454 ipsa
1015 341 1122 435 nescio

79 493 132 553 qno
158 475 254 539 modo
287 492 404 538 rursus
431 471 633 555 detorqueres
658 480 753 556 atque
780 475 895 539 oratori
917 474 1045 558 propria
1067 479 1125 538 tra·

80 574 169 642 dores.
204 598 309 660 quae,
328 597 403 640 cum
425 597 484 660 ego
506 583 632 660 praetor
645 575 791 643 Rhodum
814 578 973 643 venissem
996 585 1028 642 et
1050 597 1121 642 oum
1143 593 1174 640 75

47 763 52 772 .
79 679 124 744 illo
150 679 442 746 summo-doctore
467 679 559 745 istius
582 679 956 765 disciplinaenpollonio
980 701 1018 745 ea
1040 700 1122 762 quae

51 791 96 846 5a
118 784 275 849 Panaetio
308 802 497 867 acceperam
529 783 740 866 contulissem,
771 783 874 849 inrisit
902 785 955 849 ille
984 784 1122 867 quidem,

79 892 110 948 nt
130 888 266 968 solebat,
287 885 526 970 philosophiam
549 891 643 967 atque
666 887 854 971 contempsit
875 888 1036 969 multaque
1058 910 1122 954 non

82 993 136 1052 tum
158 991 310 1074 graviter
334 987 418 1052 dixit
440 1009 534 1070 quam
562 989 680 1073 facete,
711 996 767 1054 tua
796 996 901 1054 autem
932 990 991 1056 fuit
1022 993 1122 1058 oratio

82 1092 141 1157 eius
154 1093 256 1175 modi,
274 1113 344 1158 non
359 1097 395 1155 ut
414 1091 509 1156 ullam
531 1099 639 1180 artem*
655 1091 871 1156 doctrinamve
894 1100 1121 1176 contemneres,

82 1195 133 1259 sed
152 1204 186 1262 ut
211 1196 323 1261 omnis
346 1195 477 1260 comites
499 1216 538 1260 ac
560 1195 799 1260 ministratrices
823 1198 953 1262 oratoris
981 1217 1050 1262 esse
1079 1197 1121 1261 di-

33 1283 67 1360 'ro
83 1317 170 1364 ceres.
209 1297 295 1381 quas
320 1318 381 1380 ego
403 1297 430 1362 si
454 1299 523 1380 quis
546 1298 587 1364 sit
601 1317 684 1362 unus
703 1299 887 1382 complexus
902 1321 1012 1366 omnes
1026 1300 1122 1366 idem·
1143 1315 1174 1362 7e

82 1420 137 1482 que
165 1403 193 1468 si
227 1401 272 1466 ad
305 1420 362 1465 eas
391 1401 574 1466 facultatem
603 1401 697 1470 istam
728 1402 946 1468 ornatissimae
973 1404 1122 1469 orationis

82 1504 271 1585 adiunxerit,
292 1524 359 1568 non
382 1523 509 1587 possum
532 1504 638 1568 dicere
662 1523 733 1567 eum
756 1523 819 1569 non
843 1507 1003 1589 egregium
1027 1527 1121 1589 quen-

82 1605 150 1670 dam
176 1608 347 1673 homin'em
373 1613 469 1689 atque
496 1605 717 1672 admirandum
744 1607 828 1692 fore,
859 1608 915 1674 sed
942 1610 978 1690 is,
1003 1609 1123 1691 siquis

83 1718 161 1775 esset
182 1717 241 1776 aut
265 1711 294 1774 si
319 1711 414 1774 etiam
436 1730 587 1792 umquam
610 1709 722 1774 fuisset
742 1717 797 1774 aut
812 1731 887 1775 vero
911 1712 937 1776 si
960 1732 1030 1776 esse
1053 1731 1121 1796 pos-

40 1803 73 1875 15¹
83 1820 135 1894 set,
150 1821 185 1879 tu
209 1834 301 1879 esses
325 1833 406 1878 unus
428 1812 579 1897 profecto,
597 1813 651 1895 qui
671 1819 702 1878 et
717 1833 787 1878 meo
802 1813 919 1877 iudicio
935 1819 966 1877 et
981 1815 1120 1878 omnium

83 1916 135 1979 rix
156 1917 257 1982 ullam
281 1917 395 1980 ceteris
417 1916 593 1981 oratoribus
616 1953 658 1964 -
681 1937 760 2000 paee
783 1915 894 1980 horum
922 1914 1058 1978 dixerim
1080 1937 1146 1964 -‘

83 2017 206 2084 laudem
229 2018 397 2100 reliquisti.
421 2039 532 2084 verum
554 2019 581 2084 si
604 2018 662 2084 tibi
684 2020 746 2103 ipsi
768 2017 848 2082 nihil
870 2017 958 2082 deest
982 2017 1065 2100 quod
1087 2017 1120 2082 in
1140 2036 1172 2083 77
1244 2045 1248 2058 ·

85 2120 260 2188 forensibus
284 2124 379 2186 rebus
401 2122 610 2204 civilibusque
632 2129 776 2187 versetur
799 2121 875 2203 quin
903 2121 994 2204 scias,
1018 2141 1121 2204 neque

86 2243 152 2288 eam
178 2233 289 2290 tamen
318 2225 482 2290 seientiam
510 2246 604 2307 quem
630 2224 778 2308 adiungis
801 2225 915 2304 oratori
938 2227 1122 2309 complexus

41 2343 70 2390 no
87 2347 128 2408 es,
150 2328 320 2393 videamus
341 2348 382 2392 ne
404 2330 476 2412 plus
500 2315 528 2392 ei
550 2329 725 2393 tribuamus
749 2348 842 2410 quam
868 2349 919 2394 res
946 2336 978 2393 et
1004 2329 1121 2396 veritas

86 2429 153 2513 ipsa
175 2427 354 2497 concedat.2
427 2469 430 2474 -

185 2534 248 2599 Hie
280 2535 413 2600 Crassus
446 2527 626 2601 ‘memento'
652 2534 754 2616 inquit
775 2527 838 2599 ‘me
869 2556 933 2600 non
963 2535 1005 2600 de
1036 2555 1118 2617 mea,
1138 2552 1170 2600 78

88 2635 141 2700 sed
170 2637 211 2702 de
241 2638 374 2702 oratoris
403 2638 553 2703 facultate
584 2633 715 2702 dixisse.
759 2638 837 2720 'quid
868 2638 952 2702 enim
982 2659 1040 2704 nos
1066 2647 1121 2704 aut

89 2736 252 2805 didicimus
286 2746 341 2804 aut
374 2741 454 2806 scire
488 2742 663 2825 potuimus,
694 2741 748 2822 qui
777 2747 852 2807 ante
885 2741 928 2806 ad
960 2741 1120 2824 agendum

41 2857 71 2904 25
89 2860 178 2922 quam
201 2842 244 2908 ad
268 2840 522 2928 cognoscendum
545 2843 706 2927 venimus,
731 2864 808 2925 quos
830 2844 864 2909 in
886 2845 963 2924 foro,
988 2865 1065 2926 quos
1087 2845 1121 2910 in

89 2946 267 3027 ambitione,
291 2967 369 3028 quos
396 2948 428 3011 in
456 2968 490 3012 re
516 2946 653 3032 publica,
678 2967 756 3028 quos
777 2948 810 3011 in
833 2948 1005 3012 amicorum
1028 2968 1121 3032 nego

89 3047 136 3112 tiis
165 3069 217 3114 res
245 3049 317 3133 ipsa
347 3055 421 3115 ante
451 3049 588 3116 confecit
618 3070 712 3132 quarn
742 3071 907 3135 possemus
927 3050 1056 3132 aliquid
1078 3050 1128 3120 de.

90 3151 180 3215 rebus
209 3152 306 3218 tantis
336 3154 514 3238 suspicari?
545 3153 656 3234 quodsi
679 3154 736 3218 tibi
759 3160 882 3218 tantum
905 3154 938 3218 in
962 3153 1054 3218 nobis
1077 3153 1121 3218 ri-
1142 3170 1174 3217 79

89 3251 179 3317 detur
204 3275 283 3337 esse,
308 3257 422 3338 quibus
452 3256 577 3326 etiamsi
605 3255 779 3339 ingenium,
803 3263 837 3321 ut
867 3263 901 3321 tu
931 3262 1033 3340 putas,
1057 3276 1120 3320 non

44 3370 74 3418 eo
90 3357 224 3422 maxime
262 3358 380 3440 defuit,
415 3359 557 3425 doctrina
595 3366 679 3424 certe
718 3365 750 3424 et
771 3361 885 3430 otium
924 3365 955 3422 et
993 3357 1119 3422 hercule

91 3457 182 3523 etiam
215 3461 353 3526 studium
382 3462 460 3526 illud
489 3460 633 3526 discendi
662 3462 848 3527 acerrimum
879 3460 999 3525 defuit:
1043 3457 1119 3539 quid

92 3579 206 3645 censes,
229 3566 255 3630 si
277 3565 320 3629 ad
342 3565 476 3631 alieuius
498 3565 661 3648 ingenium
683 3564 736 3629 vel
758 3565 859 3628 maius
881 3563 934 3627 illa
957 3581 1037 3643 quae
1061 3579 1120 3642 ego

92 3682 151 3728 non
181 3668 271 3752 attigi
300 3668 502 3749 accesserint,
526 3667 651 3751 qualem
679 3668 765 3731 illum
794 3672 825 3731 et
847 3669 998 3745 quantum
1021 3667 1119 3725 orato-

92 3785 153 3832 rem
177 3769 312 3836 futurum
321 3766 350 3832 ‘l'
931 3859 962 3910 2*
