2834 4110
320 231 432 284 11111
451 231 486 285 11.
506 232 592 286 cnr.
607 236 717 289 ro-u.
736 239 751 298 s
769 237 914 292 css-nso.
1073 217 1132 281 147

103 399 179 468 dicis
199 404 295 469 iratus
318 399 456 470 dixerit'
498 405 610 470 adnuit
640 406 732 472 Silus.
780 399 894 490 ‘potest
917 407 1023 488 etiam,
1051 413 1113 471 utt

104 524 163 569 non
191 513 273 572 recte
301 507 517 574 intellexeris?
561 507 594 573 id
625 530 748 592 quoque
783 516 847 575 toto
879 510 982 594 capite
1011 509 1133 590 adnuit,

103 613 135 670 ut
157 629 188 674 se
211 611 322 678 Crasso
346 611 444 676 daret.
491 605 605 697 ‘potest
635 613 729 676 etiam
753 609 831 678 fieri'
863 613 966 696 inquit
997 607 1041 677 ‘ut
1072 634 1134 677 om-

105 712 173 776 nino
195 715 277 796 quod
299 721 331 780 te
355 714 482 780 audisse
506 715 585 780 dicis
609 736 781 797 numquam
804 711 965 782 audieris'
1009 716 1069 781 hoc
1089 717 1134 780 ita

77 823 221 896 5praeter
243 819 497 903 expectationem
525 819 650 900 accidit,
675 826 709 884 ut
738 825 852 885 testem
883 820 1023 886 omnium
1053 821 1134 884 risus

105 918 249 986 obrueret.
295 922 389 988 huius
417 924 543 1007 generis
574 929 622 988 est
651 925 764 1008 plenus
794 925 925 989 Novius.
972 931 1020 989 est
1047 924 1135 988 iocus

104 1021 166 1088 eius
186 1023 350 1091 familiaris
374 1019 512 1110 ‘sapiens
543 1027 569 1092 si
599 1027 731 1111 algebis,
761 1023 889 1092 tremes'
920 1034 951 1092 et
981 1028 1045 1092 alia
1067 1047 1134 1112 per-

103 1127 202 1192 multa.
227 1149 323 1214 saepe
347 1130 441 1194 etiam
464 1131 567 1195 laceto
591 1129 747 1195 concedas
770 1130 953 1196 adversario
975 1131 1008 1195 id
1031 1133 1134 1216 ipsum

104 1230 181 1310 quod
202 1233 259 1299 tibi
290 1234 343 1298 ille
374 1233 528 1316 detrahit;
557 1240 592 1298 ut
623 1235 657 1300 0.
674 1234 811 1314 Laelius,
844 1255 915 1299 cum
947 1236 976 1299 ei
1007 1234 1135 1317 quidam

60 1343 88 1388 10
103 1335 178 1399 malo
199 1356 317 1419 genere
339 1343 434 1402 natus
457 1337 576 1403 diceret
598 1337 765 1421 indignum
782 1357 851 1403 esse
873 1339 938 1404 suis
953 1339 1135 1418 maioribus,

104 1428 141 1500 ‘at
162 1435 298 1504 hercule'
321 1441 425 1522 inquit
447 1433 491 1505 ‘tu
514 1441 576 1505 tuis
599 1436 737 1524 dignus.³
782 1461 878 1526 saepe
903 1443 998 1507 etiam
1014 1447 1136 1508 senten-

102 1541 174 1607 tiose
203 1543 337 1608 ridicula
367 1543 530 1628 dicuntur;
561 1551 596 1608 ut
625 1544 667 1609 M.
685 1545 823 1626 Cincius,
855 1565 916 1626 quo
946 1544 999 1608 die
1028 1545 1134 1628 'legem

101 1643 137 1708 de
158 1645 248 1712 donis
272 1653 303 1711 et
327 1649 510 1713 muneribus
540 1648 620 1728 tulit,
652 1668 723 1712 cum
747 1649 780 1714 Ο.
799 1650 898 1714 Cento
921 1647 1078 1732 prodisset
1105 1653 1136 1712 et

100 1750 172 1814 satis
194 1751 421 1816 contumeliose
444 1745 531 1833 ‘quid
562 1750 636 1831 fers,
666 1748 843 1818 Cinciolel'
873 1750 1058 1834 quaesisset,
1091 1743 1134 1814 ‘ut

15 1919 16 1924 ,
59 1860 84 1907 11
100 1851 191 1920 emas'
213 1855 317 1936 inquit
340 1849 420 1935 ‘Gai
444 1856 470 1920 si
493 1856 539 1919 uti
562 1851 662 1920 velis'
708 1877 804 1940 saepe
828 1856 922 1920 etiam
946 1855 1029 1918 salse
1052 1873 1133 1935 quae
1153 1875 1203 1924 nst

15 2001 17 2088 p
98 1957 161 2022 fieri
182 1979 246 2023 non
269 1965 401 2042 possunt
424 1965 589 2043 optantur;
618 1965 653 2022 ut
675 1960 716 2025 M.
739 1959 889 2044 Lepidus,
921 1977 991 2021 cum
1020 1957 1132 2022 ceteris

98 2061 126 2125 in
149 2081 259 2145 campo
283 2061 505 2126 exercentibus
528 2062 561 2125 in
585 2061 684 2126 herba
700 2063 768 2146 ipse
784 2061 990 2141 recubuisset,
1007 2053 1132 2124 ‘vellem

15 2195 18 2256 p
97 2163 152 2229 hoc
174 2160 269 2230 esset'
292 2164 396 2246 inquit
419 2157 597 2230 ‘laborare'
642 2167 760 2230 salsum
788 2172 836 2231 est
860 2166 955 2230 etiam
983 2184 1133 2246 quaeren-

97 2267 176 2333 tibus
199 2275 230 2333 et
253 2268 345 2350 quasi
367 2269 628 2352 percontantibus
650 2270 736 2334 lente
758 2268 950 2353 respondere
974 2267 1057 2350 quod
1080 2288 1132 2332 no-

54 2379 81 2426 10
95 2371 165 2456 lint,
188 2378 223 2436 ut
247 2391 358 2437 censor
373 2370 523 2456 Lepidus,
541 2391 612 2436 cum
628 2374 669 2436 M.
686 2374 824 2438 Antistio
839 2373 995 2456 Pyrgensi
1017 2392 1131 2455 equum

95 2475 271 2556 ademisset,
306 2475 464 2556 amicique
496 2496 567 2540 cum
601 2476 851 2541 vociferarentur
881 2482 912 2540 et
943 2483 1132 2557 quaererent

15 2543 18 2672 i
95 2578 167 2661 quid
187 2580 242 2643 ille
268 2579 350 2662 patri
367 2599 423 2642 suo
439 2577 653 2662 responderet,
672 2600 726 2643 cnr
740 2579 924 2662 ademptum
940 2579 1001 2643 sibi
1017 2599 1131 2661 equum

15 2683 16 2726 l
95 2682 218 2764 diceret,
243 2701 314 2746 cum
338 2682 475 2765 optimus
498 2682 636 2762 colonus,
660 2683 863 2766 parcissimus
880 2681 1131 2748 modestissimus

15 2775 18 2846 l
94 2785 321 2870 frugalissimus
349 2791 442 2865 esset,
475 2777 535 2850 ‘me
565 2781 707 2850 istorum'
737 2785 840 2867 inquit
871 2779 960 2849 ‘nihil
984 2782 1133 2850 credere.²

15 2895 16 2958 ζ
54 2897 79 2944 ‘25
96 2890 292 2973 conliguntur
321 2887 494 2953 aGraecis
524 2889 586 2952 alia
616 2909 680 2954 non
703 2890 798 2968 nulla,
830 2889 1049 2955 execrationes
1079 2889 1131 2953 ad·
1150 2913 1200 2960 css

94 2994 272 3058 mirationes
295 2991 492 3056 minutiones.
540 2992 597 3055 sed
620 2991 699 3056 haec
722 2993 792 3076 ipsa
818 2993 913 3057 nimis
929 2993 1007 3058 mihi
1021 2991 1132 3058 videor

95 3098 186 3162 multa
208 3097 242 3161 in
264 3116 384 3180 genera
406 3094 612 3178 discripsisse.
649 3116 724 3160 nam
739 3096 792 3159 illa
808 3116 890 3178 quae
906 3099 996 3162 verbi
1011 3097 1131 3162 ratione

1164 1111 1196 1162 tl

1154 1183 1204 1231 286

95 3207 124 3264 et
144 3201 175 3264 vi
198 3200 401 3265 continentur
424 3204 510 3262 certa
537 3199 604 3262 fere
627 3219 665 3262 ac
689 3198 820 3263 delinita
843 3206 932 3281 sunt3
965 3221 1046 3282 quac
1070 3199 1130 3281 ple-

15 3351 17 3414 ,
95 3324 230 3386 rumque,
254 3309 289 3366 ut
312 3309 393 3374 ante,
410 3301 487 3381 dixi,
511 3301 632 3365 laudari
656 3302 758 3385 magis
781 3323 876 3383 quam
899 3301 995 3368 rideri
1018 3301 1128 3366 solent.

15 3415 17 3492 ζ
55 3415 80 3464 30
95 3406 169 3472 hacc
191 3413 298 3470 autem
322 3425 404 3489 quae
428 3405 555 3470 suntin
579 3425 613 3468 re
637 3411 668 3468 et
694 3405 727 3468 in
757 3405 828 3488 ipsa
851 3405 1010 3470 sententia
1035 3403 1130 3487 parti·
1149 3433 1199 3479 239

95 3512 150 3576 bus
164 3515 239 3576 sunt
253 3507 506 3589 innumerabilia,
523 3508 694 3590 generibus
710 3527 821 3592 pauca.
855 3506 1129 3589 cxpectationibus

15 3685 16 3690 γ
95 3615 174 3678 enim
198 3612 396 3695 decipiendis
420 3617 451 3674 et
473 3611 595 3676 naturis
617 3611 749 3675 aliorum
772 3607 957 3688 inridendis,
990 3611 1128 3694 ipsorum

15 3743 16 3774 r
94 3718 220 3784 ridicule
243 3715 423 3782 indicandis
448 3720 479 3778 et
502 3715 707 3780 similitudine
729 3714 876 3798 turpioris
901 3718 931 3775 et
955 3712 1129 3780 dissimula-

94 3823 173 3890 tione
204 3829 237 3888 et
271 3818 471 3887 subabsurda
505 3819 640 3884 dicendo
676 3825 707 3883 et
741 3818 836 3882 stulta
866 3816 1129 3898 reprehendendo

925 3920 971 3970 rc*
