2834 4110
231 199 294 263 134
436 214 550 268 LIBER
567 213 603 266 II.
621 241 622 246 =
640 211 723 266 CAP.
736 213 847 268 58-59.
884 214 899 274 ἓ
917 212 1062 266 net-242.

229 390 351 469 nolunt,
376 389 436 452 nisi
459 407 494 453 se
517 387 598 452 forte
621 386 749 450 iactant.
796 382 991 468 parcendum
1007 389 1114 448 autem
1131 383 1269 448 maxime

231 497 280 558 θεῖ
303 491 428 556 caritati
451 491 624 571 hominum,
655 509 695 554 ne
726 495 844 584 temere
874 487 907 551 in
931 507 985 552 eos
1015 486 1103 552 dicas
1127 487 1181 568 qui
1204 485 1269 550 dili-

161 569 211 692 253}
229 602 355 679 guntur.
403 594 483 660 haec
512 594 608 677 igitur
638 591 821 657 adhibenda
851 597 899 656 θεῖ
921 591 1057 674 primurn
1080 591 1113 655 in
1136 589 1269 655 iocando

229 697 413 764 moderatio.
459 697 568 778 itaque
606 715 644 760 ea
677 695 825 759 facillime
859 694 1019 775 luduntur,
1054 714 1136 776 quae
1166 713 1268 776 neque

229 802 301 868 odio
336 820 452 884 magno
489 818 593 881 neque
630 797 845 863 misericordia
878 797 1018 862 maxima
1052 796 1151 881 digna
1189 802 1311 861 sunt5

231 925 325 988 quarn
348 905 388 969 ob
412 923 479 968 rem
503 901 652 967 materies
675 901 776 967 omnis
798 900 1000 965 ridiculorum
1031 906 1079 966 est
1108 900 1143 965 in
1166 900 1206 965 iis
1228 900 1270 964 vi-

229 1009 291 1088 tiis,
316 1027 397 1091 quae
421 1012 495 1071 sunt
516 1006 549 1069 in
571 1005 638 1069 vita
667 1003 831 1069 hominurn
861 1023 965 1085 neque
995 1023 1139 1069 carorum
1166 1022 1270 1085 neque

231 1111 485 1176 calamitosorum
508 1128 612 1190 neque
635 1128 742 1173 eorum
758 1107 812 1188 qui
828 1108 867 1172 ob
883 1105 1008 1172 facinus
1023 1105 1065 1170 ad
1082 1107 1271 1190 supplicium

161 1226 212 1274 232
230 1214 376 1298 rapiendi
410 1213 573 1295 videntur;
609 1231 709 1294 eaque
743 1210 825 1274 belle
859 1209 981 1294 agitata
1013 1208 1165 1275 ridentur.
1225 1216 1272 1275 θεῖ

231 1318 326 1383 etiam
350 1315 561 1381 deformitatis
584 1319 616 1380 θῖ
639 1313 777 1397 eorporis
799 1313 947 1378 vitiorum
970 1313 1049 1378 satis
1071 1313 1155 1377 bella
1176 1319 1272 1378 mate·
1293 1329 1331 1376 10

229 1420 291 1484 ries
317 1418 359 1483 ad
382 1416 568 1501 iocandum3
592 1416 650 1506 sed
672 1416 850 1498 quaerimus
872 1415 958 1481 idem
982 1417 1065 1498 quod
1094 1417 1128 1480 in
1159 1418 1272 1482 ceteris

229 1523 324 1587 rebus
347 1521 487 1585 maxime
510 1519 727 1602 quaerendum
758 1526 815 1600 est,
847 1526 1012 1602 quatenus.
1058 1521 1091 1583 in
1121 1540 1185 1601 quo
1208 1540 1271 1585 non

230 1624 323 1690 modo
346 1623 424 1688 illud
446 1623 647 1708 praecipitur,
679 1643 720 1688 ne
750 1622 826 1706 quid
855 1624 984 1704 insulse,
1019 1623 1076 1688 sed
1106 1624 1213 1705 etiam,
1245 1624 1273 1688 si

231 1726 330 1817 [quid]
354 1727 543 1812 perridicule
557 1727 677 1811 possis,
701 1726 869 1791 vitandum
892 1733 939 1792 est
962 1727 1076 1792 oratori
1091 1733 1271 1809 utrumque,

230 1853 271 1898 ne
294 1839 348 1896 aut
371 1831 509 1898 scurrilis
531 1831 618 1895 iocus
641 1830 682 1894 sit
704 1836 759 1895 aut
782 1830 935 1894 mimicus.
983 1850 1064 1911 quae
1080 1830 1169 1894 cuius
1185 1830 1271 1896 modi
1293 1847 1327 1896 15

230 1937 294 2001 sint
317 1936 442 2000 facilius
464 1936 527 1999 iam
550 1934 782 2017 intellegemus,
806 1933 943 1998 eumad
969 1933 1039 2017 ipsa
1069 1931 1273 1999 ridiculorum

231 2059 351 2123 genera
373 2039 563 2104 venerimus.

337 2143 408 2206 Duo
432 2148 506 2207 sunt
529 2141 613 2207 enirn
636 2161 755 2224 genera
777 2140 973 2221 facetiarum,
991 2161 1122 2223 quorum
1138 2142 1274 2206 alterurn

160 2261 211 2308 240
230 2265 264 2310 re
289 2252 449 2326 tractatur,
473 2246 606 2310 alterum
629 2244 722 2310 dicto.
767 2265 811 2326 re,
828 2244 996 2326 siquando
1013 2244 1089 2328 quid
1109 2251 1273 2328 tamquam

230 2349 338 2430 aliqua
359 2349 477 2413 fabella
500 2355 661 2431 narratur;
685 2354 720 2411 ut
739 2348 814 2412 olim
829 2354 873 2428 tu,
890 2349 1013 2429 Crasse,
1033 2348 1067 2412 in
1087 2349 1273 2413 Memmium
1293 2374 1328 2422 20

231 2444 419 2516 ‘comedisse
453 2471 525 2516 eum
563 2452 714 2516 lacertum
748 2447 877 2544 Largii',
913 2472 984 2515 cum
1018 2458 1101 2516 esset
1135 2473 1206 2516 cum
1234 2472 1272 2517 eo

123 2620 127 2634 ,
231 2554 424 2618 Tarracinae
448 2554 488 2619 de
511 2555 647 2618 amicula
673 2555 813 2619 rixatus:
844 2555 928 2620 salsa
951 2560 1016 2618 tota
1045 2575 1084 2618 ao
1113 2561 1221 2620 tamen
1253 2577 1273 2620 a

230 2657 354 2741 teipso
386 2657 462 2722 ficta
487 2658 634 2722 narratio.
681 2656 833 2722 addidisti
864 2658 1036 2723 clausulam
1066 2665 1132 2723 tota
1160 2659 1273 2725 Tarra-

231 2761 302 2826 cina
325 2767 392 2826 tum
415 2760 560 2826 omnibus
582 2762 615 2825 in
639 2761 814 2845 parietibus
836 2761 1005 2845 inscriptas
1028 2762 1127 2828 fuisse
1149 2762 1272 2828 litteras

230 2864 403 2928 LLLMM
450 2884 521 2928 cum
552 2884 720 2947 quaereres
757 2864 790 2928 id
824 2865 900 2947 quid
934 2872 1028 2947 esset,
1066 2886 1174 2930 senem
1211 2866 1272 2932 tibi
1291 2891 1325 2939 25

231 2967 390 3050 quendam
424 2967 619 3052 oppidanum
654 2968 791 3034 dixisse:
826 2962 955 3034 ‘lacerat
988 2969 1140 3034 lacertum
1173 2970 1273 3053 Largi

159 3090 209 3138 241
230 3071 363 3136 mordax
385 3066 573 3137 Memmius.³
617 3072 797 3157 perspicitis
818 3092 920 3156 genus
943 3072 1003 3137 hoc
1030 3093 1124 3154 quam
1155 3073 1196 3138 sit
1226 3074 1272 3138 fa-

231 3181 345 3256 cetum,
371 3195 466 3257 quarn
489 3176 629 3259 elegans,
654 3197 749 3259 quarn
772 3176 951 3256 oratorium,
975 3176 1043 3241 sive
1060 3171 1180 3242 habeas
1195 3197 1273 3244 vere

232 3278 316 3362 quod
350 3300 480 3344 narrare
512 3281 625 3364 possis,
661 3278 745 3362 quod
779 3285 887 3344 tamen
918 3286 966 3344 est
999 3279 1273 3347 mendaciunculis

229 3383 474 3467 aspergendum,
498 3384 566 3449 sive
589 3383 702 3467 fingas.
749 3390 797 3448 est
819 3390 924 3448 autem
941 3384 1020 3449 haec
1035 3384 1128 3448 huius
1142 3387 1273 3468 generis
1291 3409 1323 3458 ao

230 3487 340 3568 virtus,
364 3494 399 3552 ut
421 3487 465 3552 ita
488 3487 573 3552 facta
604 3487 811 3568 demonstres,
843 3494 877 3552 ut
907 3507 1009 3553 mores
1041 3489 1106 3552 eius
1137 3488 1178 3552 de
1208 3508 1271 3572 qno

228 3611 346 3672 nanee,
370 3598 404 3656 ut
427 3611 538 3672 sermo,
568 3598 603 3657 ut
633 3592 736 3657 voltus
766 3611 876 3657 omnes
907 3592 1132 3675 exprimantur,
1163 3599 1198 3658 ut
1230 3593 1273 3659 iis

159 3711 209 3759 242
229 3693 284 3780 qui
306 3693 440 3759 audiunt
462 3704 529 3761 tum
552 3697 620 3779 geri
643 3696 697 3760 illa
719 3695 850 3778 fierique
873 3695 1049 3760 videantur.
1095 3697 1129 3760 in
1160 3717 1193 3762 re
1221 3705 1273 3764 est

228 3797 305 3861 item
336 3797 502 3863 ridiculum
534 3800 617 3882 quod
648 3821 689 3865 cx
721 3800 859 3882 quadam
889 3799 1064 3884 depravata
1093 3799 1273 3868 imitatione
