2834 4110
293 183 336 248 80
372 282 375 288 ,
550 200 663 254 nlnnn
680 199 718 254 11.
755 199 839 254 cnr.
853 204 893 256 ro.
930 203 1074 264 sao-43.

294 373 426 440 oratoris
449 395 521 440 cum
553 375 732 459 exprimere
754 374 911 441 subtiliter
940 375 1027 440 visus
1054 395 1089 440 es
1112 382 1180 440 tum
1202 373 1324 440 laudare

295 478 521 564 copiosissime.
568 478 652 561 quod
685 478 812 560 quidem
844 479 1042 562 eloquentem
1072 479 1125 544 vel
1148 479 1265 564 optime
1285 477 1326 542 f-

295 603 366 648 cere
388 589 520 668 oportet,
544 588 579 647 ut
602 582 813 665 eloquentiam
836 582 960 667 laudet;
984 582 1081 648 debet
1095 583 1183 648 enim
1198 582 1240 647 ad
1262 601 1326 646 eam

293 685 488 752 laudandam
503 686 605 771 ipsam
620 686 707 749 illam
729 685 881 751 adhibere
897 706 992 768 qua-m
1006 685 1125 751 laudat.
1165 686 1222 751 sed
1237 704 1328 770 perge
1407 737 1408 768 ,

294 811 401 875 porro;
424 789 483 855 tibi
507 788 591 854 enim
618 788 778 855 adsentior
807 796 947 855 vestrum
977 811 1047 856 esse
1077 790 1138 856 hoo
1162 796 1261 856 totum
1288 788 1357 852 ‹li-⁵

296 900 379 959 serte
402 892 517 973 dicere,
540 892 637 975 idque
660 893 687 957 si
710 893 780 975 quis
802 894 836 958 in
866 893 930 958 alia
952 900 1021 959 arte
1047 893 1154 973 iaciat,
1183 914 1256 959 eum
1280 891 1329 956 ad-

244 1017 278 1063 ro
297 1003 422 1082 sumpto
444 995 573 1061 aliunde
589 995 635 1061 uti
651 997 744 1077 bono,
760 1017 825 1061 non
840 997 967 1081 proprio
989 1017 1049 1062 nec
1075 994 1154 1062 suo.²
1200 1004 1232 1063 et
1247 997 1331 1063 Cras-

297 1119 351 1165 sus
372 1092 447 1164 ‘nox
471 1093 515 1162 te'
536 1099 639 1181 inquit
661 1091 774 1180 ‘nobis,
797 1099 926 1182 Antoni,
943 1100 1097 1185 expolivit
1111 1099 1331 1180 hominemque

296 1202 443 1268 reddidit.
495 1223 569 1266 nam
596 1202 744 1268 hesterno
776 1223 920 1268 sermone
952 1196 1067 1268 “tinius
1098 1207 1203 1287 operis
1238 1203 1332 1267 cuius-

297 1301 393 1372 dam’'
412 1310 448 1370 ut
469 1306 515 1370 ait
531 1305 687 1371 Caecilius
707 1298 737 1370 “z
760 1306 914 1391 remigem
936 1307 1074 1389 aliquem
1096 1313 1152 1371 aut
1175 1300 1333 1371 baiulum'
1352 1313 1376 1360 10

297 1411 390 1476 nobis
412 1415 567 1474 oratorem
594 1408 816 1492 descripseras,
844 1411 972 1494 inopem
1003 1410 1163 1494 quendam
1194 1409 1331 1474 humani·
1409 1427 1410 1472 1

298 1513 373 1578 tatis
395 1518 491 1594 atque
514 1509 725 1577 inurbanum.²
769 1519 836 1577 tum
861 1510 924 1600 [Ml
949 1512 1107 1578 Antonius
1133 1506 1214 1578 ‘heri
1241 1507 1335 1577 enim'

298 1616 402 1699 inquit
425 1608 496 1681 ‘hoc
518 1615 596 1681 mihi
617 1635 853 1700 proposueram,
876 1622 920 1698 ut,
951 1617 979 1682 si
1001 1623 1033 1681 te
1056 1616 1253 1696 refellissem,
1279 1614 1335 1679 hos

299 1741 320 1785 a
349 1727 381 1785 te
410 1718 581 1804 discipulos
615 1719 820 1803 abducerem3
851 1739 946 1801 nunc,
978 1720 1089 1785 Catulo
1122 1718 1273 1785 audiente
1306 1723 1336 1782 et

301 1825 446 1904 Caesare,
469 1822 581 1889 videor
603 1823 719 1889 debere
746 1843 812 1888 non
840 1829 907 1886 tam
936 1843 1081 1907 pugnare
1110 1829 1217 1888 tecum
1244 1841 1336 1904 quam
1354 1831 1380 1877 15

301 1926 377 2010 quid
399 1927 468 2011 ipse
490 1926 626 1992 sentiam
648 1926 763 1992 dicere.

178 2037 204 2071 *s
249 2049 281 2096 41
406 2031 554 2113 Sequitur
576 2030 681 2115 igitur,
706 2030 856 2112 quoniam
877 2030 969 2095 nobis
991 2035 1040 2096 est
1061 2029 1113 2094 hio
1140 2028 1181 2096 de
1212 2052 1273 2114 quo
1299 2031 1339 2097 lo·

302 2135 427 2218 quimur
448 2135 482 2199 in
504 2134 571 2200 foro
594 2140 691 2215 atque
712 2133 746 2198 in
769 2132 868 2198 oculis
891 2132 1008 2198 civium
1036 2133 1284 2217 constituendus,
1306 2143 1340 2200 ut

302 2238 468 2303 videamus
491 2237 568 2320 quid
590 2239 620 2303 ei
642 2238 763 2319 negotii
785 2236 898 2302 demus
921 2237 1033 2319 cuique
1056 2257 1128 2302 eum
1144 2239 1269 2304 muneri
1290 2259 1340 2304 ve-

303 2341 396 2404 limus
428 2359 498 2405 esse
527 2339 750 2423 praepositum.
796 2360 872 2403 nam
902 2341 1036 2407 Crassus
1065 2325 1143 2421 heri,
1179 2361 1251 2406 oum
1274 2361 1339 2423 vos,
1357 2357 1385 2406 ao

305 2442 416 2509 Catule
439 2447 471 2506 et
494 2442 622 2522 Caesar,
646 2462 709 2506 non
732 2440 895 2524 adessetis,
918 2444 1024 2527 posuit
1046 2444 1185 2510 breviter
1207 2444 1241 2510 in
1264 2446 1340 2510 artis

305 2544 526 2610 distributione
549 2543 634 2608 idem
657 2543 741 2626 quod
763 2544 877 2610 Craeci
904 2547 1045 2629 plerique
1076 2555 1259 2632 posuerunt,
1290 2569 1342 2614 ne·

306 2669 367 2732 que
389 2668 467 2713 sane
489 2647 567 2730 quid
588 2648 658 2731 ipse
680 2648 820 2729 sentiret,
844 2649 901 2714 sed
924 2649 1000 2731 quid
1022 2651 1064 2715 ab
1094 2651 1156 2716 illis
1186 2650 1343 2718 diceretur

305 2752 460 2818 ostendit:
484 2750 547 2816 duo
569 2751 671 2835 prima
692 2773 811 2835 genera
833 2753 1055 2835 quaestionum
1078 2773 1149 2819 esse
1171 2755 1204 2820 in
1228 2755 1342 2837 quibus

306 2855 487 2938 eloquentia
508 2863 697 2938 versaretur,
725 2877 823 2922 uuum
850 2855 1018 2939 infinitum,
1046 2857 1181 2923 alterum
1212 2865 1387 2924 certumst

253 2978 286 3026 42
305 2959 464 3024 infinitum
486 2958 564 3023 mihi
587 2957 756 3026 videbatur
777 2958 810 3024 id
833 2959 948 3040 dicere,
972 2959 1005 3024 in
1029 2981 1091 3043 quo
1113 2961 1235 3043 aliquid
1249 2983 1344 3046 gene·

306 3063 400 3128 ratim
433 3069 645 3145 quaereretur,
679 3063 739 3130 hoc
772 3062 882 3128 modo:
917 3063 1140 3147 expetendane
1173 3070 1258 3132 esset
1285 3066 1344 3132 elo

308 3166 462 3248 quentia?
486 3165 702 3251 expetendine
731 3166 889 3232 honores?
920 3173 1040 3232 certum
1070 3173 1187 3249 autem,
1217 3168 1252 3234 in
1283 3189 1344 3251 quo

307 3270 384 3353 quid
406 3270 440 3334 in
463 3270 606 3355 personis
628 3276 660 3334 et
682 3270 715 3334 in
739 3271 909 3336 constituta
931 3290 965 3335 re
988 3276 1020 3335 et
1035 3269 1166 3335 definita
1181 3291 1344 3353 quaerere·

307 3381 366 3456 tur,
391 3374 479 3439 cuius
502 3373 587 3439 modi
610 3380 684 3438 sunt
705 3393 787 3456 quae
809 3374 843 3438 in
865 3374 932 3440 foro
954 3379 1052 3456 atque
1078 3373 1112 3438 in
1135 3373 1254 3439 civium
1277 3395 1346 3440 cau·
1362 3393 1390 3442 ao

254 3494 289 3542 43
308 3479 352 3543 sis
374 3477 719 3561 disceptationibusque
741 3483 917 3543 versantur.
963 3497 1002 3542 ea
1024 3477 1103 3542 mihi
1118 3476 1268 3542 videntur
1290 3487 1344 3544 aut

307 3581 341 3644 in
363 3579 418 3644 lite
442 3579 562 3646 oranda
585 3587 640 3646 aut
662 3581 695 3645 in
719 3580 849 3646 consilio
880 3578 986 3644 dando
1017 3599 1087 3646 esse
1117 3580 1230 3664 posita.
1269 3602 1344 3646 nam
1403 3635 1408 3644 .

308 3681 386 3747 illud
409 3683 546 3764 tertium,
570 3683 654 3766 quod
677 3690 709 3748 et
730 3705 751 3749 a
771 3685 884 3749 Crasso
907 3688 1025 3747 tactum
1049 3689 1161 3766 estet,
1184 3689 1219 3748 ut
1241 3684 1346 3766 audio,

308 3784 361 3848 ille
403 3784 472 3868 ipse
513 3786 715 3869 Aristoteles,
758 3787 811 3869 qui
854 3785 933 3849 haec
975 3785 1115 3850 maxime
1154 3786 1347 3870 inlustravit,
