2866 4110
308 200 349 265 58
524 217 636 270 arnna
654 218 676 270 1.
707 215 789 270 oAP.
804 218 914 271 53-54.
944 217 1123 279 snas-231.

308 392 457 475 populum
484 392 662 454 Romanum
693 395 827 453 tutorem
860 388 1024 454 instituere
1059 385 1193 451 dixisset
1221 386 1344 450 illorum

308 494 443 558 orbitati.
491 493 607 575 itaque,
643 513 713 557 oum
745 499 776 558 et
806 490 928 556 invidia
959 499 990 555 et
1023 489 1094 554 odio
1131 490 1240 573 populi
1279 496 1344 554 tum

309 597 411 662 Galba
433 603 636 680 premeretur,
660 594 747 660 hisce
775 615 847 659 eum
874 593 1045 677 tragoediis
1073 592 1240 657 liberatum
1268 592 1345 657 fere-

308 700 377 783 bat,
401 698 484 781 quod
507 699 583 762 item
605 697 691 782 apud
706 698 860 763 Catonem
877 697 1027 780 scriptum
1048 715 1118 760 esse
1138 694 1248 760 video:
1274 688 1345 760 ‘nisi

309 803 414 885 pueris
430 807 462 865 et
477 801 614 865 lacrimis
629 820 705 865 usus
721 807 813 880 esset,
829 819 949 884 poenas
964 819 1036 863 eum
1057 797 1203 862 daturum
1224 793 1342 863 fuisse'.
1364 813 1377 861 5

309 903 389 968 haec
411 904 546 968 Rutilius
569 902 662 967 valde
685 903 887 985 vituperabat
910 909 942 966 et
964 901 1037 965 huic
1064 900 1233 965 humilitati
1266 899 1346 965 dice-

241 1021 290 1068 229
309 1007 364 1071 bat
380 1007 430 1070 vel
453 1006 583 1070 exilium
606 1005 704 1070 fuisse
727 1005 779 1069 vel
802 1012 934 1069 mortem
950 1003 1215 1087 anteponendam.
1240 1024 1345 1086 neque

310 1128 384 1172 vero
407 1108 467 1172 hoc
490 1107 592 1173 solum
614 1106 705 1187 dixit,
729 1106 785 1172 sed
808 1106 877 1190 ipse
901 1113 932 1170 et
960 1107 1059 1171 sensit
1086 1112 1118 1170 et
1140 1105 1224 1170 lecit.
1271 1127 1346 1170 nam

310 1231 381 1275 oum
405 1217 488 1274 esset
511 1209 563 1274 ille
587 1210 635 1274 vir
658 1209 849 1292 exemplum,
878 1214 912 1272 ut
933 1208 1029 1288 scitis,
1045 1208 1248 1274 innocentiae
1265 1229 1348 1273 oum-

310 1333 371 1394 que
394 1313 447 1377 illo
469 1333 562 1377 nemo
591 1332 695 1394 neque
726 1312 878 1395 integrior
908 1317 992 1376 esset
1018 1311 1051 1375 in
1083 1311 1211 1376 civitate
1241 1331 1346 1393 neque
1367 1329 1393 1376 10

311 1416 456 1496 sanctior,
484 1437 548 1482 non
575 1414 668 1479 modo
696 1414 830 1498 supplex
863 1413 1021 1478 iudicibus
1051 1434 1121 1478 esse
1148 1414 1259 1494 noluit,
1291 1414 1348 1480 sed

310 1539 351 1583 ne
373 1518 514 1584 ornatius
537 1517 665 1600 quidem
687 1525 743 1582 aut
765 1518 894 1582 liberius
919 1537 1046 1582 causam
1065 1516 1129 1580 dici
1144 1537 1234 1582 suam
1251 1538 1348 1599 quam

312 1623 446 1706 simplex
469 1622 549 1686 ratio
572 1621 714 1685 veritatis
736 1621 868 1685 ferebat.
915 1621 1042 1703 paulurn
1065 1619 1139 1684 huic
1162 1621 1275 1686 (lottae
1297 1622 1349 1685 tri-

310 1726 379 1791 buit
401 1725 549 1810 partium,
573 1725 779 1790 disertissimo
802 1723 1007 1810 adulescenti,
1032 1723 1146 1788 sororis
1172 1743 1249 1788 suae
1265 1724 1348 1810 filio;

312 1829 394 1894 dixit
424 1830 499 1894 item
534 1849 663 1893 oausam
696 1828 782 1892 illam
815 1826 951 1909 quadam
982 1825 1398 1909 exparteQ.Mucius,15

193 1997 196 2004 ,
243 1946 293 1994 230
311 1953 397 1997 more
420 1952 485 2012 suc,
515 1933 599 1996 nullo
622 1939 786 2014 apparatu,
817 1949 894 2013 pure
923 1937 953 1994 et
980 1928 1126 1993 dilucide.
1173 1913 1288 2011 quodsi
1315 1939 1351 1996 tu

311 2042 395 2114 tunc,
413 2036 535 2116 Crasse,
553 2034 697 2114 dixisses,
722 2035 776 2115 qui
799 2032 973 2098 subsidium
996 2032 1111 2096 oratori
1134 2052 1174 2096 ex
1203 2032 1265 2098 illis
1289 2033 1351 2099 dis·

311 2137 527 2222 putationibus
564 2136 678 2219 quibus
711 2134 889 2219 philosophi
917 2141 1046 2200 utuntur
1072 2133 1114 2198 ad
1143 2134 1272 2199 dicendi
1303 2157 1352 2201 eo

312 2241 397 2325 piam
421 2238 593 2323 petendum
616 2259 685 2303 esse
708 2238 803 2320 paulo
826 2245 900 2302 ante
922 2236 1063 2319 dicebas,
1095 2244 1127 2302 et
1156 2238 1182 2303 si
1211 2239 1270 2303 tibi
1293 2261 1353 2323 pro

312 2344 346 2406 P.
371 2342 488 2406 Rutilio
519 2362 582 2405 non
612 2339 869 2424 philosophorum
901 2361 995 2422 more,
1031 2340 1088 2406 sed
1121 2348 1175 2406 tuo
1208 2341 1353 2408 licuisset
1371 2359 1403 2406 ao

313 2445 435 2509 dicere:
474 2444 618 2525 quamvis
652 2442 795 2507 scelerati
830 2444 874 2507 illi
909 2443 1051 2524 fuissent,
1091 2444 1183 2510 sicuti
1221 2445 1354 2510 fuerunt

313 2547 455 2632 pestiferi
479 2547 565 2611 cives
588 2545 804 2629 supplicioque
827 2545 927 2630 digni,
951 2554 1059 2612 tamen
1087 2569 1213 2613 omnem
1241 2569 1354 2614 eorum

312 2650 582 2735 importunitatem
613 2671 653 2714 ex
680 2649 800 2715 intimis
827 2651 987 2716 mentibus
1017 2651 1176 2716 evellisset
1202 2650 1253 2717 vis
1285 2674 1355 2718 ora--

314 2755 407 2820 tionis
430 2761 513 2819 tuae.
559 2772 643 2818 nuno
665 2754 738 2818 talis
760 2754 808 2818 vir
831 2755 966 2820 amissus
988 2761 1046 2834 est,
1076 2754 1151 2820 dum
1178 2775 1276 2822 causa
1308 2758 1355 2821 ita

314 2857 437 2938 dicitur,
461 2864 495 2921 ut
518 2856 543 2920 si
574 2857 607 2920 in
637 2857 691 2920 illa
718 2857 937 2923 commenticia
963 2857 1104 2922 Platonis
1132 2858 1262 2924 civitate
1302 2880 1355 2924 res
1375 2871 1410 2920 25

313 2967 476 3043 ageretur:
500 2980 593 3025 nemo
615 2959 779 3042 ingemuit,
808 2979 900 3023 nemo
927 2960 1109 3024 inclamavit
1135 2967 1354 3044 patronorum,

314 3063 392 3127 nihil
422 3063 569 3147 cuiquam
597 3062 706 3143 doluit,
734 3084 827 3128 nemo
850 3069 898 3128 est
922 3069 1061 3145 questus,
1085 3084 1178 3128 nemo
1205 3085 1274 3130 rem
1298 3088 1356 3150 pu-

313 3167 429 3231 blicam
451 3168 639 3251 imploravit,
663 3187 755 3231 nemo
778 3168 982 3251 supplicavit,
1007 3166 1082 3248 quid
1098 3167 1218 3231 multa?
1234 3168 1356 3252 pedem

312 3292 407 3337 nemo
428 3271 462 3336 in
478 3271 530 3335 illo
553 3270 668 3335 iudicio
691 3271 854 3355 supplosit,
872 3269 976 3351 credo,
1000 3291 1040 3335 ne
1058 3270 1171 3336 Stoicis
1191 3271 1356 3336 renuntia-

243 3352 292 3473 2534,
312 3383 406 3441 retur.
453 3374 594 3440 imitatus
617 3374 773 3438 esthemo
789 3375 949 3438 Romanus
965 3381 997 3438 et
1013 3373 1186 3438 consularis
1209 3380 1357 3438 veterem
1378 3385 1417 3434 ao

313 3480 401 3543 illum
425 3479 596 3558 Socratem,
628 3476 691 3559 qui,
722 3496 793 3540 oum
821 3478 961 3541 omnium
985 3476 1239 3561 sapientissimus
1267 3483 1358 3542 esset

314 3582 574 3663 sanctissimeque
597 3580 739 3661 vixisset,
764 3579 809 3644 ita
831 3579 864 3643 in
886 3579 1001 3644 iudicio
1025 3580 1210 3663 capitispro
1231 3581 1358 3664 seipse

313 3684 404 3762 dixit,
429 3691 549 3748 utnon
573 3684 706 3767 supplex
729 3691 783 3748 aut
807 3701 887 3762 reus,
916 3682 974 3746 sed
996 3683 1147 3765 magister
1174 3689 1229 3746 aut
1253 3682 1359 3748 domi-

314 3805 373 3850 nus
400 3784 560 3849 videretur
588 3805 657 3850 esse
684 3786 832 3850 iudicum.
879 3785 956 3867 quin
980 3785 1084 3865 etiam,
1108 3803 1177 3848 oum
1202 3785 1232 3849 ei
1256 3787 1360 3870 scrip-
