2836 4114
347 167 460 221 LIBER
472 167 509 220 11.
534 165 617 221 GAP.
631 171 743 224 89-90.
768 169 940 230 §363-365.
1093 151 1152 213 167

97 340 260 408 doctriua
291 342 441 422 consequi
473 362 576 424 posse.
622 340 678 406 sed
710 349 816 406 tamen
847 340 998 423 quidnam
1027 346 1075 406 est
1099 337 1153 426 [id]

98 445 200 528 quod
223 445 333 510 dixisti
355 445 424 510 fore
454 451 489 510 ut
516 445 573 510 tibi
596 445 842 528 ignosceremus,
871 444 898 508 si
929 463 1154 528 cognoscemus

100 569 198 632 quae
220 555 252 613 tc
275 569 372 614 eausa
394 549 428 612 in
451 568 628 614 sermonem
651 549 852 632 impulisset?
883 568 964 629 quae
995 554 1043 612 est
1070 547 1155 611 enim

99 653 176 718 alia
199 672 299 718 causa
313 652 375 716 nisi
391 651 474 735 quod
491 653 584 718 nobis
599 658 631 717 θῖ
646 651 758 717 horum
773 650 1024 717 adulescentium
1041 649 1154 730 studio,

61 772 78 818 a
101 757 167 839 qui
197 763 229 822 te
256 756 466 822 attentissime
495 755 674 836 audierunt,
705 775 825 820 morem
854 775 965 838 gerere
995 749 1155 819 voluisti?

102 867 181 926 tum
211 861 265 924 illc
294 852 457 924 ‘adimere’
485 859 588 941 inquit
618 851 755 924 ‘omnem
786 858 1017 923 recusationem
1041 858 1155 923 Crasso
1174 870 1226 918 364

103 965 210 1044 volui,
235 984 329 1046 quem
352 983 412 1046 ego
435 963 529 1047 paulo
546 962 686 1027 sciebam
702 962 754 1028 vel
768 961 939 1046 pudentius
960 961 1012 1026 vel
1026 961 1156 1026 invitius

106 1107 147 1114 -
180 1067 254 1133 uolo
278 1067 361 1131 enim
390 1065 495 1132 dicere
522 1065 562 1131 dc
593 1073 659 1130 tam
687 1066 778 1130 suavi
805 1065 933 1131 homine
962 1065 1157 1130 fastidiosius

108 1209 155 1220 —
181 1170 224 1236 ad
246 1171 307 1236 hoc
328 1190 432 1254 genus
455 1171 609 1236 sermonis
632 1168 794 1234 accedere.
842 1168 918 1251 quid
942 1170 1027 1234 enim
1042 1169 1157 1253 poterit

50 1291 86 1338 10
111 1275 249 1340 dicere?
280 1274 477 1339 consularem
508 1294 541 1340 sc
574 1271 666 1360 [esse]
696 1272 858 1338 hominem
893 1274 939 1337 ct'
954 1272 1157 1339 censorium?

111 1378 230 1444 eadem
252 1384 360 1443 nostra
382 1397 479 1442 causa
501 1384 557 1444 est.
603 1397 645 1440 an
669 1384 804 1442 aetatem
820 1376 969 1443 adferet?
993 1376 1158 1459 quadrien·

112 1484 168 1547 nio
199 1481 303 1546 minor
334 1488 390 1546 cst.
437 1502 479 1546 au
510 1502 543 1546 se
574 1481 654 1546 baec
685 1480 834 1545 nescire?
866 1501 947 1563 quac
982 1502 1042 1564 ego
1077 1500 1157 1559 sero,

114 1606 199 1668 quae
222 1585 337 1650 cursim
368 1583 502 1667 adripui,
534 1604 616 1666 quae
644 1583 814 1648 subsicivis
843 1584 957 1667 operis,
988 1590 1022 1646 ut
1050 1583 1156 1666 aiunt3

113 1691 176 1755 iste
199 1709 219 1752 a
242 1709 349 1772 puero,
381 1707 503 1754 summo
534 1686 648 1767 studio,
679 1687 811 1752 summis
841 1686 1032 1751 doctoribus.
1078 1685 1157 1749 nihil

58 1809 93 1855 15
114 1794 222 1858 dicam
245 1792 286 1856 de
308 1792 446 1875 ingenio,
471 1792 521 1856 cui
543 1812 602 1874 par
616 1811 710 1855 nemo
733 1789 802 1854 fuit.
849 1790 966 1855 etenim
987 1807 1037 1852 mc
1053 1787 1156 1852 diceu-

115 1903 182 1961 tem
205 1895 260 1977 qui
283 1893 417 1976 audiret,
440 1914 534 1958 nemo
557 1914 707 1976 umquam
731 1894 780 1958 sui
803 1900 867 1957 tam
884 1892 1066 1977 despiciens
1088 1891 1157 1972 fuit,

116 1999 171 2083 qui
201 1998 386 2082 desperaret
415 2003 471 2062 aut
504 1998 616 2062 melius
646 2004 702 2062 aut
735 1996 848 2062 eodem
878 1996 972 2062 modo
1003 2015 1038 2060 se
1065 2015 1158 2079 posse

116 2104 237 2186 diccrc3
262 2103 377 2168 Crasso
401 2102 526 2168 dicente
550 2123 643 2167 nemo
667 2109 732 2166 tam
755 2101 923 2184 adrogans,
948 2101 1000 2183 qui
1017 2100 1160 2165 similiter

117 2228 153 2274 se
175 2225 326 2288 umquam
349 2205 505 2271 dicturum
530 2226 599 2271 csse
623 2204 806 2270 confideret.
853 2225 949 2286 quam
972 2204 1012 2268 ob
1035 2224 1102 2268 rem
1118 2223 1159 2268 ne

1 2355 2 2364 η
62 2327 98 2373 ao
117 2311 234 2380 frustra
255 2310 288 2373 hi
312 2310 392 2375 tales
415 2309 474 2375 viri
498 2310 653 2389 venerint,
687 2316 719 2372 te
742 2307 924 2389 aliquando,
955 2307 1079 2388 Crasse,
1107 2325 1160 2371 au-

119 2409 264 2478 diamus.³

221 2517 303 2580 Tum
326 2517 378 2581 ille
402 2509 448 2580 ‘ut
469 2516 514 2580 ita
537 2515 599 2580 ista
615 2535 685 2580 esse
701 2509 886 2580 eoncedam'
902 2514 1005 2598 inquit
1020 2507 1160 2595 ‘Antoni
1180 2486 1230 2608 ἓὲὄ

122 2639 200 2700 quac
224 2626 306 2700 sunt·
319 2620 414 2701 longe
437 2639 538 2700 secus,
562 2617 639 2700 quid
662 2618 739 2682 mibi
763 2626 796 2683 tu
827 2619 957 2686 tandem
989 2617 1085 2683 hodie
1106 2624 1162 2682 aut

1 2711 2 2742 ³
123 2723 266 2806 cuiquam
289 2722 410 2788 homini
434 2722 518 2805 quod
541 2721 604 2786 dici
627 2722 728 2805 possit
742 2722 925 2804 reliquisti?
948 2720 1053 2787 dicam
1077 2721 1162 2786 enim

71 2843 103 2890 ao
122 2845 203 2907 vere,
226 2825 410 2890 amicissimi
432 2824 586 2905 homines,
604 2823 688 2906 quod
712 2825 822 2889 sentio.
863 2845 960 2912 saepe
976 2845 1036 2909 ego
1052 2823 1163 2890 doctos

123 2927 263 2994 homines
298 2967 337 2974 -
374 2927 450 3010 quid
473 2927 544 2991 dico
569 2931 708 3010 ‘saepe’?
742 2928 839 2992 immo
870 2950 935 2994 non
970 2947 1161 3011 numquam;

125 3052 215 3116 saepe
238 3032 323 3096 enim
347 3032 400 3113 qui
422 3031 521 3115 potui,
553 3031 606 3113 qui
639 3049 718 3113 puer
747 3030 780 3093 in
804 3030 907 3095 forum
937 3032 1080 3098 venerim
1104 3049 1173 3096 nee·

124 3135 193 3202 inde
215 3156 366 3218 umquam
389 3135 508 3200 diutius
535 3155 631 3217 quam
664 3139 811 3216 quaestor
840 3134 1002 3201 afuerim?
1033 3172 1074 3182 —-
1106 3132 1162 3200 scd

126 3247 225 3305 tamen
247 3239 367 3321 audivi,
391 3245 425 3303 ut
447 3239 516 3303 heri
546 3237 703 3318 dicebam,
735 3244 766 3303 ct
789 3237 925 3304 Athenis
956 3256 1029 3303 cum
1059 3256 1163 3301 essem

77 3358 110 3406 30
128 3344 318 3410 doctissimos
341 3343 427 3408 viros
450 3350 481 3408 et
503 3343 537 3406 in
559 3342 637 3408 Asia
659 3343 755 3407 istum
777 3342 882 3425 ipsum
911 3343 1077 3423 Scepsium
1101 3340 1163 3403 Me-

127 3449 289 3529 trodorum,
313 3468 385 3513 cum
408 3446 448 3512 dc
471 3446 522 3511 his
537 3446 616 3530 ipsis
630 3447 726 3511 rebus
741 3445 934 3530 disputaret;
959 3461 1063 3526 neque
1087 3461 1164 3508 vero

127 3553 196 3618 mibi
220 3553 386 3635 quisquam
411 3551 566 3635 copiosius
590 3571 740 3632 umquam
771 3550 859 3614 visus
891 3552 939 3615 cst
963 3563 1068 3628 neque
1093 3545 1164 3610 sub·

1 3663 2 3718 l
127 3658 203 3724 tilius
226 3658 259 3721 in
283 3656 342 3721 hoc
365 3676 482 3739 genere
506 3653 632 3721 dicendi
665 3676 760 3737 quam
780 3655 842 3719 iste
865 3649 962 3719 hodie
997 3667 1066 3715 esse
1098 3668 1165 3714 ver-

128 3768 214 3828 satus.
263 3759 346 3843 quod
377 3760 404 3824 si
434 3763 517 3824 esset
546 3759 637 3823 aliter
667 3765 699 3824 ct
729 3755 849 3838 aliquid
880 3753 1099 3840 intellegerem
1122 3751 1164 3815 ab
