<?xml version="1.0" encoding="UTF-8"?>
<!DOCTYPE html PUBLIC "-//W3C//DTD XHTML 1.0 Transitional//EN"
    "http://www.w3.org/TR/xhtml1/DTD/xhtml1-transitional.dtd">
<html xmlns="http://www.w3.org/1999/xhtml" xml:lang="en" lang="en">
 <head>
  <title>
</title>
<meta http-equiv="Content-Type" content="text/html;charset=utf-8" />
  <meta name='ocr-system' content='tesseract 3.04.00' />
  <meta name='ocr-capabilities' content='ocr_page ocr_carea ocr_par ocr_line ocrx_word'/>
</head>
<body>
  <div class='ocr_page' id='page_1' title='image "./mtulliciceronis21cicegoog_0066.png"; bbox 0 0 2866 4110; ppageno 0'>
   <div class='ocr_carea' id='block_1_1' title="bbox 311 194 1125 273">
    <p class='ocr_par' dir='ltr' id='par_1_1' title="bbox 311 194 1125 273">
     <span class='ocr_line' id='line_1_1' title="bbox 311 194 1125 273; baseline -0.004 -14"><span class='ocrx_word' id='word_1_1' title='bbox 311 207 422 260; x_wconf 86' lang='lat' dir='ltr'><strong>LIBER</strong></span> <span class='ocrx_word' id='word_1_2' title='bbox 441 207 461 260; x_wconf 95' lang='lat' dir='ltr'>I.</span> <span class='ocrx_word' id='word_1_3' title='bbox 493 207 575 261; x_wconf 84' lang='lat' dir='ltr'>OAP.</span> <span class='ocrx_word' id='word_1_4' title='bbox 590 211 701 264; x_wconf 79' lang='lat'>52-53.</span> <span class='ocrx_word' id='word_1_5' title='bbox 731 214 745 273; x_wconf 67' lang='grc' dir='ltr'><strong>ἓ</strong></span> <span class='ocrx_word' id='word_1_6' title='bbox 764 211 910 265; x_wconf 74' lang='lat' dir='ltr'>aas—228.</span> <span class='ocrx_word' id='word_1_7' title='bbox 1084 194 1125 256; x_wconf 73' lang='lat'>57</span> 
     </span>
    </p>
   </div>
   <div class='ocr_carea' id='block_1_2' title="bbox 55 381 1128 1116">
    <p class='ocr_par' dir='ltr' id='par_1_2' title="bbox 55 381 1128 1085">
     <span class='ocr_line' id='line_1_2' title="bbox 88 381 1127 465; baseline 0.002 -21"><span class='ocrx_word' id='word_1_8' title='bbox 88 402 152 446; x_wconf 93' lang='lat' dir='ltr'>non</span> <span class='ocrx_word' id='word_1_9' title='bbox 175 387 232 463; x_wconf 91' lang='lat' dir='ltr'>pot</span> <span class='ocrx_word' id='word_1_10' title='bbox 233 385 284 446; x_wconf 89' lang='lat' dir='ltr'>est</span> <span class='ocrx_word' id='word_1_11' title='bbox 315 381 450 464; x_wconf 85' lang='lat' dir='ltr'>expleri;</span> <span class='ocrx_word' id='word_1_12' title='bbox 481 381 578 446; x_wconf 90' lang='lat' dir='ltr'>nolite</span> <span class='ocrx_word' id='word_1_13' title='bbox 608 381 711 446; x_wconf 86' lang='lat' dir='ltr'>sinere</span> <span class='ocrx_word' id='word_1_14' title='bbox 741 401 799 446; x_wconf 92' lang='lat' dir='ltr'>nos</span> <span class='ocrx_word' id='word_1_15' title='bbox 831 382 978 465; x_wconf 80' lang='lat' dir='ltr'>cuiquam</span> <span class='ocrx_word' id='word_1_16' title='bbox 1008 381 1127 446; x_wconf 90' lang='lat' dir='ltr'>servire</span> 
     </span>
     <span class='ocr_line' id='line_1_3' title="bbox 88 481 1126 568; baseline 0.001 -21"><span class='ocrx_word' id='word_1_17' title='bbox 88 484 148 548; x_wconf 91' lang='lat' dir='ltr'>nisi</span> <span class='ocrx_word' id='word_1_18' title='bbox 173 485 266 549; x_wconf 89' lang='lat' dir='ltr'>vobis</span> <span class='ocrx_word' id='word_1_19' title='bbox 292 484 458 564; x_wconf 86' lang='lat' dir='ltr'>universis,</span> <span class='ocrx_word' id='word_1_20' title='bbox 490 485 604 566; x_wconf 88' lang='lat' dir='ltr'>quibus</span> <span class='ocrx_word' id='word_1_21' title='bbox 634 491 665 548; x_wconf 87' lang='lat' dir='ltr'>et</span> <span class='ocrx_word' id='word_1_22' title='bbox 695 504 862 568; x_wconf 88' lang='lat' dir='ltr'>possumus</span> <span class='ocrx_word' id='word_1_23' title='bbox 894 492 925 549; x_wconf 95' lang='lat' dir='ltr'>et</span> <span class='ocrx_word' id='word_1_24' title='bbox 912 481 1126 548; x_wconf 89' lang='lat' dir='ltr'>t.debemus</span> 
     </span>
     <span class='ocr_line' id='line_1_4' title="bbox 88 581 1127 669; baseline -0.002 -16"><span class='ocrx_word' id='word_1_25' title='bbox 88 581 231 653; x_wconf 90' lang='lat' dir='ltr'>omitto‘</span> <span class='ocrx_word' id='word_1_26' title='bbox 231 583 397 669; x_wconf 81' lang='lat' dir='ltr'>miserias,</span> <span class='ocrx_word' id='word_1_27' title='bbox 420 588 453 651; x_wconf 92' lang='lat' dir='ltr'>in</span> <span class='ocrx_word' id='word_1_28' title='bbox 477 588 600 669; x_wconf 91' lang='lat' dir='ltr'>quibus,</span> <span class='ocrx_word' id='word_1_29' title='bbox 624 594 659 651; x_wconf 89' lang='lat' dir='ltr'>nt</span> <span class='ocrx_word' id='word_1_30' title='bbox 646 587 726 651; x_wconf 93' lang='lat' dir='ltr'>tilli</span> <span class='ocrx_word' id='word_1_31' title='bbox 748 588 846 668; x_wconf 89' lang='lat' dir='ltr'>aiunt,</span> <span class='ocrx_word' id='word_1_32' title='bbox 871 589 918 652; x_wconf 90' lang='lat' dir='ltr'>vir</span> <span class='ocrx_word' id='word_1_33' title='bbox 941 587 1029 653; x_wconf 85' lang='lat' dir='ltr'>sortis</span> <span class='ocrx_word' id='word_1_34' title='bbox 1057 606 1127 652; x_wconf 89' lang='lat' dir='ltr'>esse</span> 
     </span>
     <span class='ocr_line' id='line_1_5' title="bbox 88 685 1127 775; baseline 0 -21"><span class='ocrx_word' id='word_1_35' title='bbox 88 711 152 755; x_wconf 92' lang='lat' dir='ltr'>non</span> <span class='ocrx_word' id='word_1_36' title='bbox 175 696 231 774; x_wconf 91' lang='lat' dir='ltr'>pot</span> <span class='ocrx_word' id='word_1_37' title='bbox 233 696 295 773; x_wconf 90' lang='lat' dir='ltr'>est;</span> <span class='ocrx_word' id='word_1_38' title='bbox 320 691 428 755; x_wconf 92' lang='lat' dir='ltr'>omitto</span> <span class='ocrx_word' id='word_1_39' title='bbox 396 685 592 771; x_wconf 80' lang='lat' dir='ltr'>tianoes&#39;,</span> <span class='ocrx_word' id='word_1_40' title='bbox 624 709 665 754; x_wconf 83' lang='lat' dir='ltr'>ex</span> <span class='ocrx_word' id='word_1_41' title='bbox 689 691 844 772; x_wconf 81' lang='lat' dir='ltr'>quibust</span> <span class='ocrx_word' id='word_1_42' title='bbox 847 691 966 775; x_wconf 92' lang='lat' dir='ltr'>eeripi</span> <span class='ocrx_word' id='word_1_43' title='bbox 996 691 1054 770; x_wconf 89' lang='lat' dir='ltr'>vis</span> <span class='ocrx_word' id='word_1_44' title='bbox 1087 710 1127 754; x_wconf 89' lang='lat' dir='ltr'>ne</span> 
     </span>
     <span class='ocr_line' id='line_1_6' title="bbox 55 792 1125 878; baseline -0.001 -19"><span class='ocrx_word' id='word_1_45' title='bbox 55 792 206 859; x_wconf 79' lang='lat' dir='ltr'>siudioio</span> <span class='ocrx_word' id='word_1_46' title='bbox 233 794 344 875; x_wconf 88' lang='lat' dir='ltr'>iniquo</span> <span class='ocrx_word' id='word_1_47' title='bbox 374 796 562 860; x_wconf 87' lang='lat' dir='ltr'>exorbeatnr</span> <span class='ocrx_word' id='word_1_48' title='bbox 592 795 722 878; x_wconf 80' lang='lat' dir='ltr'>sanguis</span> <span class='ocrx_word' id='word_1_49' title='bbox 756 801 836 874; x_wconf 80' lang='lat' dir='ltr'>tuus,</span> <span class='ocrx_word' id='word_1_50' title='bbox 872 795 955 876; x_wconf 91' lang='lat' dir='ltr'>quod</span> <span class='ocrx_word' id='word_1_51' title='bbox 989 795 1125 878; x_wconf 78' lang='lat' dir='ltr'>sapienti</span> 
     </span>
     <span class='ocr_line' id='line_1_7' title="bbox 90 890 1128 981; baseline 0.002 -21"><span class='ocrx_word' id='word_1_52' title='bbox 90 903 212 980; x_wconf 84' lang='lat' dir='ltr'>negant</span> <span class='ocrx_word' id='word_1_53' title='bbox 234 895 381 961; x_wconf 86' lang='lat' dir='ltr'>accidere</span> <span class='ocrx_word' id='word_1_54' title='bbox 403 918 513 981; x_wconf 87' lang='lat' dir='ltr'>posse;</span> <span class='ocrx_word' id='word_1_55' title='bbox 542 890 682 963; x_wconf 83' lang='lat' dir='ltr'>‘servire&#39;</span> <span class='ocrx_word' id='word_1_56' title='bbox 705 918 779 962; x_wconf 89' lang='lat' dir='ltr'>vero</span> <span class='ocrx_word' id='word_1_57' title='bbox 802 919 866 962; x_wconf 91' lang='lat' dir='ltr'>non</span> <span class='ocrx_word' id='word_1_58' title='bbox 889 897 981 964; x_wconf 92' lang='lat' dir='ltr'>modo</span> <span class='ocrx_word' id='word_1_59' title='bbox 1004 904 1046 978; x_wconf 86' lang='lat' dir='ltr'>te,</span> <span class='ocrx_word' id='word_1_60' title='bbox 1071 898 1128 964; x_wconf 90' lang='lat' dir='ltr'>sed</span> 
     </span>
     <span class='ocr_line' id='line_1_8' title="bbox 88 999 1127 1116; baseline 0.003 -53"><span class='ocrx_word' id='word_1_61' title='bbox 88 999 275 1116; x_wconf 77' lang='lat' dir='ltr'>universnm</span> <span class='ocrx_word' id='word_1_62' title='bbox 307 1007 460 1081; x_wconf 83' lang='lat' dir='ltr'>senatum,</span> <span class='ocrx_word' id='word_1_63' title='bbox 492 1001 582 1066; x_wconf 91' lang='lat' dir='ltr'>ouius</span> <span class='ocrx_word' id='word_1_64' title='bbox 611 1008 678 1065; x_wconf 90' lang='lat' dir='ltr'>tum</span> <span class='ocrx_word' id='word_1_65' title='bbox 709 1021 837 1066; x_wconf 88' lang='lat' dir='ltr'>causam</span> <span class='ocrx_word' id='word_1_66' title='bbox 867 1004 1001 1085; x_wconf 83' lang='lat' dir='ltr'>agebas,</span> <span class='ocrx_word' id='word_1_67' title='bbox 1032 1022 1127 1067; x_wconf 89' lang='lat' dir='ltr'>ausus</span> 
     </span>
    </p>
   </div>
   <div class='ocr_carea' id='block_1_3' title="bbox 10 1125 1228 3866">
    <p class='ocr_par' dir='ltr' id='par_1_3' title="bbox 10 1125 1228 3866">
     <span class='ocr_line' id='line_1_9' title="bbox 87 1125 1202 1292; baseline 0.003 -23"><span class='ocrx_word' id='word_1_68' title='bbox 87 1207 177 1270; x_wconf 90' lang='lat' dir='ltr'>ribus</span> <span class='ocrx_word' id='word_1_69' title='bbox 193 1226 327 1287; x_wconf 91' lang='lat' dir='ltr'>qnorum</span> <span class='ocrx_word' id='word_1_70' title='bbox 342 1213 376 1270; x_wconf 94' lang='lat' dir='ltr'>tu</span> <span class='ocrx_word' id='word_1_71' title='bbox 391 1213 540 1290; x_wconf 89' lang='lat' dir='ltr'>praecept</span> <span class='ocrx_word' id='word_1_72' title='bbox 541 1227 561 1270; x_wconf 92' lang='lat' dir='ltr'>a</span> <span class='ocrx_word' id='word_1_73' title='bbox 576 1214 644 1271; x_wconf 89' lang='lat' dir='ltr'>orat</span> <span class='ocrx_word' id='word_1_74' title='bbox 645 1207 707 1272; x_wconf 90' lang='lat' dir='ltr'>oris</span> <span class='ocrx_word' id='word_1_75' title='bbox 723 1207 872 1272; x_wconf 84' lang='lat' dir='ltr'>facultate</span> <span class='ocrx_word' id='word_1_76' title='bbox 888 1209 1042 1292; x_wconf 81' lang='lat' dir='ltr'>compleat</span> <span class='ocrx_word' id='word_1_77' title='bbox 1029 1125 1128 1274; x_wconf 66' lang='lat' dir='ltr'>tenso?</span> <span class='ocrx_word' id='word_1_78' title='bbox 1200 1233 1202 1237; x_wconf 49' lang='lat'><strong>⁴</strong></span> 
     </span>
     <span class='ocr_line' id='line_1_10' title="bbox 43 1310 1127 1392; baseline 0.004 -20"><span class='ocrx_word' id='word_1_79' title='bbox 43 1327 69 1373; x_wconf 85' lang='lat' dir='ltr'>ro</span> <span class='ocrx_word' id='word_1_80' title='bbox 88 1329 173 1391; x_wconf 89' lang='lat' dir='ltr'>quae</span> <span class='ocrx_word' id='word_1_81' title='bbox 196 1316 228 1374; x_wconf 89' lang='lat' dir='ltr'>et</span> <span class='ocrx_word' id='word_1_82' title='bbox 250 1329 378 1392; x_wconf 88' lang='lat' dir='ltr'>semper</span> <span class='ocrx_word' id='word_1_83' title='bbox 400 1316 431 1374; x_wconf 92' lang='lat' dir='ltr'>et</span> <span class='ocrx_word' id='word_1_84' title='bbox 453 1311 520 1374; x_wconf 92' lang='lat' dir='ltr'>sola</span> <span class='ocrx_word' id='word_1_85' title='bbox 543 1310 642 1376; x_wconf 92' lang='lat' dir='ltr'>libera</span> <span class='ocrx_word' id='word_1_86' title='bbox 665 1316 713 1374; x_wconf 86' lang='lat' dir='ltr'>est</span> <span class='ocrx_word' id='word_1_87' title='bbox 736 1329 892 1392; x_wconf 90' lang='lat' dir='ltr'>quaeque,</span> <span class='ocrx_word' id='word_1_88' title='bbox 914 1312 1037 1376; x_wconf 87' lang='lat' dir='ltr'>etiarnsi</span> <span class='ocrx_word' id='word_1_89' title='bbox 1065 1331 1127 1376; x_wconf 88' lang='lat' dir='ltr'>cor-</span> 
     </span>
     <span class='ocr_line' id='line_1_11' title="bbox 86 1413 1127 1497; baseline 0.002 -21"><span class='ocrx_word' id='word_1_90' title='bbox 86 1432 167 1496; x_wconf 90' lang='lat' dir='ltr'>pora</span> <span class='ocrx_word' id='word_1_91' title='bbox 189 1413 371 1497; x_wconf 85' lang='lat' dir='ltr'>captasint</span> <span class='ocrx_word' id='word_1_92' title='bbox 392 1414 487 1480; x_wconf 92' lang='lat' dir='ltr'>armis</span> <span class='ocrx_word' id='word_1_93' title='bbox 509 1421 564 1478; x_wconf 93' lang='lat' dir='ltr'>aut</span> <span class='ocrx_word' id='word_1_94' title='bbox 584 1414 752 1478; x_wconf 88' lang='lat' dir='ltr'>constricta</span> <span class='ocrx_word' id='word_1_95' title='bbox 767 1414 890 1494; x_wconf 84' lang='lat' dir='ltr'>vinclis,</span> <span class='ocrx_word' id='word_1_96' title='bbox 907 1421 1012 1480; x_wconf 87' lang='lat' dir='ltr'>tamen</span> <span class='ocrx_word' id='word_1_97' title='bbox 1036 1435 1127 1480; x_wconf 91' lang='lat' dir='ltr'>suum</span> 
     </span>
     <span class='ocr_line' id='line_1_12' title="bbox 87 1516 1127 1600; baseline 0.002 -20"><span class='ocrx_word' id='word_1_98' title='bbox 87 1517 139 1580; x_wconf 89' lang='lat' dir='ltr'>ius</span> <span class='ocrx_word' id='word_1_99' title='bbox 168 1521 266 1597; x_wconf 86' lang='lat' dir='ltr'>atque</span> <span class='ocrx_word' id='word_1_100' title='bbox 293 1516 434 1581; x_wconf 93' lang='lat' dir='ltr'>omnium</span> <span class='ocrx_word' id='word_1_101' title='bbox 463 1536 567 1581; x_wconf 90' lang='lat' dir='ltr'>rerum</span> <span class='ocrx_word' id='word_1_102' title='bbox 594 1517 782 1600; x_wconf 85' lang='lat' dir='ltr'>impunitam</span> <span class='ocrx_word' id='word_1_103' title='bbox 812 1517 989 1584; x_wconf 86' lang='lat' dir='ltr'>libertatem</span> <span class='ocrx_word' id='word_1_104' title='bbox 1020 1525 1127 1583; x_wconf 86' lang='lat' dir='ltr'>tenere</span> 
     </span>
     <span class='ocr_line' id='line_1_13' title="bbox 88 1608 1127 1701; baseline 0.003 -19"><span class='ocrx_word' id='word_1_105' title='bbox 88 1619 214 1684; x_wconf 87' lang='lat' dir='ltr'>debeat.</span> <span class='ocrx_word' id='word_1_106' title='bbox 262 1639 344 1701; x_wconf 91' lang='lat' dir='ltr'>quae</span> <span class='ocrx_word' id='word_1_107' title='bbox 367 1629 442 1684; x_wconf 85' lang='lat' dir='ltr'>vero</span> <span class='ocrx_word' id='word_1_108' title='bbox 465 1619 625 1700; x_wconf 86' lang='lat' dir='ltr'>addidisti,</span> <span class='ocrx_word' id='word_1_109' title='bbox 649 1641 713 1686; x_wconf 91' lang='lat' dir='ltr'>non</span> <span class='ocrx_word' id='word_1_110' title='bbox 728 1620 821 1685; x_wconf 92' lang='lat' dir='ltr'>modo</span> <span class='ocrx_word' id='word_1_111' title='bbox 837 1608 982 1686; x_wconf 85' lang='lat' dir='ltr'>senatum</span> <span class='ocrx_word' id='word_1_112' title='bbox 998 1614 1127 1686; x_wconf 86' lang='lat' dir='ltr'>‘servire</span> 
     </span>
     <span class='ocr_line' id='line_1_14' title="bbox 88 1718 1128 1808; baseline -0.001 -19"><span class='ocrx_word' id='word_1_113' title='bbox 88 1719 194 1806; x_wconf 82' lang='lat' dir='ltr'>posse&#39;</span> <span class='ocrx_word' id='word_1_114' title='bbox 217 1724 344 1806; x_wconf 82' lang='lat' dir='ltr'>popu10,</span> <span class='ocrx_word' id='word_1_115' title='bbox 368 1723 543 1805; x_wconf 87' lang='lat' dir='ltr'>sed-etiam</span> <span class='ocrx_word' id='word_1_116' title='bbox 566 1718 715 1790; x_wconf 78' lang='lat' dir='ltr'>‘debere³:</span> <span class='ocrx_word' id='word_1_117' title='bbox 739 1725 810 1806; x_wconf 89' lang='lat' dir='ltr'>quis</span> <span class='ocrx_word' id='word_1_118' title='bbox 836 1725 896 1789; x_wconf 90' lang='lat' dir='ltr'>boo</span> <span class='ocrx_word' id='word_1_119' title='bbox 923 1724 1128 1808; x_wconf 90' lang='lat' dir='ltr'>philosophus</span> 
     </span>
     <span class='ocr_line' id='line_1_15' title="bbox 46 1826 1128 1912; baseline -0.005 -19"><span class='ocrx_word' id='word_1_120' title='bbox 46 1849 72 1895; x_wconf 78' lang='grc' dir='ltr'>ιι</span> <span class='ocrx_word' id='word_1_121' title='bbox 89 1833 156 1890; x_wconf 83' lang='lat' dir='ltr'>tarn</span> <span class='ocrx_word' id='word_1_122' title='bbox 177 1827 292 1907; x_wconf 89' lang='lat' dir='ltr'>mollis,</span> <span class='ocrx_word' id='word_1_123' title='bbox 315 1833 381 1891; x_wconf 88' lang='lat' dir='ltr'>tam</span> <span class='ocrx_word' id='word_1_124' title='bbox 406 1826 586 1912; x_wconf 82' lang='lat' dir='ltr'>languidus,</span> <span class='ocrx_word' id='word_1_125' title='bbox 617 1836 682 1892; x_wconf 89' lang='lat' dir='ltr'>tam</span> <span class='ocrx_word' id='word_1_126' title='bbox 716 1835 895 1908; x_wconf 88' lang='lat' dir='ltr'>enervatus,</span> <span class='ocrx_word' id='word_1_127' title='bbox 926 1834 992 1890; x_wconf 90' lang='lat' dir='ltr'>tam</span> <span class='ocrx_word' id='word_1_128' title='bbox 1022 1826 1128 1890; x_wconf 91' lang='lat' dir='ltr'>omnia</span> 
     </span>
     <span class='ocr_line' id='line_1_16' title="bbox 89 1915 1126 2028; baseline -0.004 -34"><span class='ocrx_word' id='word_1_129' title='bbox 89 1930 131 1994; x_wconf 92' lang='lat' dir='ltr'>ad</span> <span class='ocrx_word' id='word_1_130' title='bbox 166 1915 363 2015; x_wconf 89' lang='lat' dir='ltr'>voluptatem</span> <span class='ocrx_word' id='word_1_131' title='bbox 400 1933 538 2014; x_wconf 91' lang='lat' dir='ltr'>corporis</span> <span class='ocrx_word' id='word_1_132' title='bbox 573 1925 779 2014; x_wconf 89' lang='lat' dir='ltr'>doloremque</span> <span class='ocrx_word' id='word_1_133' title='bbox 814 1931 954 2028; x_wconf 86' lang='lat' dir='ltr'>referens</span> <span class='ocrx_word' id='word_1_134' title='bbox 992 1930 1126 2012; x_wconf 86' lang='lat' dir='ltr'>probare</span> 
     </span>
     <span class='ocr_line' id='line_1_17' title="bbox 90 2024 1127 2119; baseline -0.004 -21"><span class='ocrx_word' id='word_1_135' title='bbox 90 2040 207 2116; x_wconf 90' lang='lat' dir='ltr'>posset,</span> <span class='ocrx_word' id='word_1_136' title='bbox 231 2041 378 2099; x_wconf 90' lang='lat' dir='ltr'>senatum</span> <span class='ocrx_word' id='word_1_137' title='bbox 401 2035 519 2099; x_wconf 89' lang='lat' dir='ltr'>servire</span> <span class='ocrx_word' id='word_1_138' title='bbox 541 2036 666 2119; x_wconf 92' lang='lat' dir='ltr'>populo,</span> <span class='ocrx_word' id='word_1_139' title='bbox 696 2036 745 2101; x_wconf 91' lang='lat' dir='ltr'>oui</span> <span class='ocrx_word' id='word_1_140' title='bbox 768 2034 937 2118; x_wconf 90' lang='lat' dir='ltr'>populus&#39;</span> <span class='ocrx_word' id='word_1_141' title='bbox 929 2024 997 2116; x_wconf 83' lang='lat' dir='ltr'>ipse</span> <span class='ocrx_word' id='word_1_142' title='bbox 1024 2029 1127 2095; x_wconf 90' lang='lat' dir='ltr'>mode·</span> 
     </span>
     <span class='ocr_line' id='line_1_18' title="bbox 92 2134 1128 2222; baseline 0.001 -24"><span class='ocrx_word' id='word_1_143' title='bbox 92 2136 238 2200; x_wconf 91' lang='lat' dir='ltr'>randit</span> <span class='ocrx_word' id='word_1_144' title='bbox 206 2143 238 2202; x_wconf 89' lang='lat' dir='ltr'>et</span> <span class='ocrx_word' id='word_1_145' title='bbox 261 2136 394 2219; x_wconf 84' lang='lat' dir='ltr'>regendi</span> <span class='ocrx_word' id='word_1_146' title='bbox 417 2138 465 2202; x_wconf 90' lang='lat' dir='ltr'>sni</span> <span class='ocrx_word' id='word_1_147' title='bbox 487 2145 676 2222; x_wconf 86' lang='lat' dir='ltr'>potestatem</span> <span class='ocrx_word' id='word_1_148' title='bbox 700 2138 790 2220; x_wconf 87' lang='lat' dir='ltr'>quasi</span> <span class='ocrx_word' id='word_1_149' title='bbox 811 2135 962 2218; x_wconf 88' lang='lat' dir='ltr'>quasdam</span> <span class='ocrx_word' id='word_1_150' title='bbox 986 2134 1128 2199; x_wconf 88' lang='lat' dir='ltr'>habenas</span> 
     </span>
     <span class='ocr_line' id='line_1_19' title="bbox 93 2206 1198 2329; baseline -0.003 -27"><span class='ocrx_word' id='word_1_151' title='bbox 93 2223 298 2305; x_wconf 80' lang='lat' dir='ltr'>tradidisset?</span> <span class='ocrx_word' id='word_1_152' title='bbox 328 2240 434 2322; x_wconf 91' lang='lat' dir='ltr'>itaque</span> <span class='ocrx_word' id='word_1_153' title='bbox 464 2241 544 2305; x_wconf 92' lang='lat' dir='ltr'>haec</span> <span class='ocrx_word' id='word_1_154' title='bbox 578 2262 649 2306; x_wconf 90' lang='lat' dir='ltr'>cum</span> <span class='ocrx_word' id='word_1_155' title='bbox 676 2261 696 2304; x_wconf 93' lang='lat' dir='ltr'>a</span> <span class='ocrx_word' id='word_1_156' title='bbox 723 2247 754 2305; x_wconf 92' lang='lat' dir='ltr'>te</span> <span class='ocrx_word' id='word_1_157' title='bbox 723 2239 899 2305; x_wconf 87' lang='lat' dir='ltr'>tdivinit</span> <span class='ocrx_word' id='word_1_158' title='bbox 886 2245 936 2304; x_wconf 87' lang='lat' dir='ltr'>tus</span> <span class='ocrx_word' id='word_1_159' title='bbox 960 2258 1019 2322; x_wconf 83' lang='lat' dir='ltr'>ego</span> <span class='ocrx_word' id='word_1_160' title='bbox 1043 2237 1128 2301; x_wconf 90' lang='lat' dir='ltr'>dicta</span> <span class='ocrx_word' id='word_1_161' title='bbox 1147 2206 1198 2329; x_wconf 66' lang='lat'>2237</span> 
     </span>
     <span class='ocr_line' id='line_1_20' title="bbox 45 2341 1129 2426; baseline -0.004 -17"><span class='ocrx_word' id='word_1_162' title='bbox 45 2361 76 2409; x_wconf 81' lang='lat' dir='ltr'>ao</span> <span class='ocrx_word' id='word_1_163' title='bbox 93 2343 271 2424; x_wconf 86' lang='lat' dir='ltr'>arbitrarer,</span> <span class='ocrx_word' id='word_1_164' title='bbox 299 2344 333 2407; x_wconf 92' lang='lat' dir='ltr'>P</span> <span class='ocrx_word' id='word_1_165' title='bbox 349 2344 485 2409; x_wconf 86' lang='lat' dir='ltr'>Rutilius</span> <span class='ocrx_word' id='word_1_166' title='bbox 500 2343 611 2424; x_wconf 82' lang='lat' dir='ltr'>Rufus,</span> <span class='ocrx_word' id='word_1_167' title='bbox 629 2344 721 2410; x_wconf 91' lang='lat' dir='ltr'>homo</span> <span class='ocrx_word' id='word_1_168' title='bbox 737 2343 848 2408; x_wconf 89' lang='lat' dir='ltr'>doctus</span> <span class='ocrx_word' id='word_1_169' title='bbox 864 2350 896 2408; x_wconf 89' lang='lat' dir='ltr'>et</span> <span class='ocrx_word' id='word_1_170' title='bbox 910 2341 1129 2426; x_wconf 89' lang='lat' dir='ltr'>philosophiae</span> 
     </span>
     <span class='ocr_line' id='line_1_21' title="bbox 95 2445 1130 2532; baseline 0.002 -24"><span class='ocrx_word' id='word_1_171' title='bbox 95 2445 229 2527; x_wconf 86' lang='lat' dir='ltr'>deditus,</span> <span class='ocrx_word' id='word_1_172' title='bbox 253 2467 319 2512; x_wconf 93' lang='lat' dir='ltr'>non</span> <span class='ocrx_word' id='word_1_173' title='bbox 341 2447 434 2513; x_wconf 93' lang='lat' dir='ltr'>modo</span> <span class='ocrx_word' id='word_1_174' title='bbox 456 2469 569 2532; x_wconf 86' lang='lat' dir='ltr'>parurn</span> <span class='ocrx_word' id='word_1_175' title='bbox 592 2447 764 2528; x_wconf 89' lang='lat' dir='ltr'>commode,</span> <span class='ocrx_word' id='word_1_176' title='bbox 794 2447 849 2511; x_wconf 89' lang='lat' dir='ltr'>sed</span> <span class='ocrx_word' id='word_1_177' title='bbox 879 2447 974 2511; x_wconf 90' lang='lat' dir='ltr'>etiam</span> <span class='ocrx_word' id='word_1_178' title='bbox 997 2447 1130 2530; x_wconf 83' lang='lat' dir='ltr'>turpiter</span> 
     </span>
     <span class='ocr_line' id='line_1_22' title="bbox 96 2545 1129 2642; baseline 0.002 -30"><span class='ocrx_word' id='word_1_179' title='bbox 96 2555 126 2612; x_wconf 88' lang='lat' dir='ltr'>et</span> <span class='ocrx_word' id='word_1_180' title='bbox 140 2549 297 2633; x_wconf 83' lang='lat' dir='ltr'>flagitiose</span> <span class='ocrx_word' id='word_1_181' title='bbox 312 2550 396 2615; x_wconf 91' lang='lat' dir='ltr'>dicta</span> <span class='ocrx_word' id='word_1_182' title='bbox 412 2571 481 2616; x_wconf 84' lang='lat' dir='ltr'>esse</span> <span class='ocrx_word' id='word_1_183' title='bbox 503 2551 638 2642; x_wconf 90' lang='lat' dir='ltr'>dicebat.</span> <span class='ocrx_word' id='word_1_184' title='bbox 660 2552 807 2633; x_wconf 88' lang='lat' dir='ltr'>idemque</span> <span class='ocrx_word' id='word_1_185' title='bbox 823 2545 968 2616; x_wconf 81' lang='lat' dir='ltr'>Servium</span> <span class='ocrx_word' id='word_1_186' title='bbox 985 2551 1129 2631; x_wconf 80' lang='lat' dir='ltr'>Galbam,</span> 
     </span>
     <span class='ocr_line' id='line_1_23' title="bbox 96 2654 1215 2739; baseline 0 -22"><span class='ocrx_word' id='word_1_187' title='bbox 96 2674 189 2734; x_wconf 91' lang='lat' dir='ltr'>quem</span> <span class='ocrx_word' id='word_1_188' title='bbox 210 2654 372 2720; x_wconf 91' lang='lat' dir='ltr'>bominem</span> <span class='ocrx_word' id='word_1_189' title='bbox 398 2657 496 2739; x_wconf 90' lang='lat' dir='ltr'>probe</span> <span class='ocrx_word' id='word_1_190' title='bbox 523 2656 776 2720; x_wconf 85' lang='lat' dir='ltr'>commeminisse</span> <span class='ocrx_word' id='word_1_191' title='bbox 808 2675 842 2720; x_wconf 89' lang='lat' dir='ltr'>se</span> <span class='ocrx_word' id='word_1_192' title='bbox 864 2655 980 2734; x_wconf 86' lang='lat' dir='ltr'>aiebat,</span> <span class='ocrx_word' id='word_1_193' title='bbox 1004 2674 1129 2737; x_wconf 80' lang='lat' dir='ltr'>pergra-</span> <span class='ocrx_word' id='word_1_194' title='bbox 1214 2657 1215 2662; x_wconf 76' lang='grc'>’</span> 
     </span>
     <span class='ocr_line' id='line_1_24' title="bbox 96 2757 1130 2842; baseline 0.003 -23"><span class='ocrx_word' id='word_1_195' title='bbox 96 2757 176 2822; x_wconf 84' lang='lat' dir='ltr'>viter</span> <span class='ocrx_word' id='word_1_196' title='bbox 196 2757 428 2842; x_wconf 86' lang='lat' dir='ltr'>reprehendere</span> <span class='ocrx_word' id='word_1_197' title='bbox 456 2760 587 2840; x_wconf 87' lang='lat' dir='ltr'>solebat,</span> <span class='ocrx_word' id='word_1_198' title='bbox 612 2758 696 2841; x_wconf 90' lang='lat' dir='ltr'>quod</span> <span class='ocrx_word' id='word_1_199' title='bbox 725 2759 762 2839; x_wconf 89' lang='lat' dir='ltr'>is,</span> <span class='ocrx_word' id='word_1_200' title='bbox 793 2759 828 2822; x_wconf 89' lang='lat' dir='ltr'>L.</span> <span class='ocrx_word' id='word_1_201' title='bbox 846 2757 1010 2824; x_wconf 85' lang='lat' dir='ltr'>Scribonio</span> <span class='ocrx_word' id='word_1_202' title='bbox 1038 2777 1130 2838; x_wconf 87' lang='lat' dir='ltr'>quae·</span> 
     </span>
     <span class='ocr_line' id='line_1_25' title="bbox 46 2860 1128 2947; baseline 0.002 -25"><span class='ocrx_word' id='word_1_203' title='bbox 46 2877 78 2923; x_wconf 83' lang='lat' dir='ltr'>as</span> <span class='ocrx_word' id='word_1_204' title='bbox 98 2860 229 2926; x_wconf 87' lang='lat' dir='ltr'>stionem</span> <span class='ocrx_word' id='word_1_205' title='bbox 251 2863 285 2926; x_wconf 90' lang='lat' dir='ltr'>in</span> <span class='ocrx_word' id='word_1_206' title='bbox 297 2883 369 2927; x_wconf 86' lang='lat' dir='ltr'>eum</span> <span class='ocrx_word' id='word_1_207' title='bbox 384 2863 516 2944; x_wconf 87' lang='lat' dir='ltr'>ferente,</span> <span class='ocrx_word' id='word_1_208' title='bbox 539 2863 646 2947; x_wconf 91' lang='lat' dir='ltr'>populi</span> <span class='ocrx_word' id='word_1_209' title='bbox 656 2861 910 2927; x_wconf 66' lang='lat' dir='ltr'>vmisericordiam</span> <span class='ocrx_word' id='word_1_210' title='bbox 930 2861 1128 2939; x_wconf 79' lang='lat' dir='ltr'>concitasset,</span> 
     </span>
     <span class='ocr_line' id='line_1_26' title="bbox 99 2964 1129 3050; baseline 0.002 -24"><span class='ocrx_word' id='word_1_211' title='bbox 99 2981 169 3026; x_wconf 88' lang='lat' dir='ltr'>oum</span> <span class='ocrx_word' id='word_1_212' title='bbox 190 2964 229 3028; x_wconf 90' lang='lat' dir='ltr'>M.</span> <span class='ocrx_word' id='word_1_213' title='bbox 248 2966 336 3046; x_wconf 80' lang='lat' dir='ltr'>Cato,</span> <span class='ocrx_word' id='word_1_214' title='bbox 361 2965 480 3031; x_wconf 82' lang='lat' dir='ltr'>Galbae</span> <span class='ocrx_word' id='word_1_215' title='bbox 503 2967 611 3050; x_wconf 83' lang='lat' dir='ltr'>gravis</span> <span class='ocrx_word' id='word_1_216' title='bbox 633 2973 728 3047; x_wconf 86' lang='lat' dir='ltr'>atque</span> <span class='ocrx_word' id='word_1_217' title='bbox 751 2985 825 3029; x_wconf 88' lang='lat' dir='ltr'>acer</span> <span class='ocrx_word' id='word_1_218' title='bbox 840 2965 994 3045; x_wconf 86' lang='lat' dir='ltr'>inimicus,</span> <span class='ocrx_word' id='word_1_219' title='bbox 1018 2983 1129 3047; x_wconf 86' lang='lat' dir='ltr'>aspere</span> 
     </span>
     <span class='ocr_line' id='line_1_27' title="bbox 99 3066 1128 3152; baseline 0.002 -24"><span class='ocrx_word' id='word_1_220' title='bbox 99 3066 183 3147; x_wconf 90' lang='lat' dir='ltr'>apud</span> <span class='ocrx_word' id='word_1_221' title='bbox 207 3069 367 3152; x_wconf 85' lang='lat' dir='ltr'>populum</span> <span class='ocrx_word' id='word_1_222' title='bbox 384 3071 561 3134; x_wconf 87' lang='lat' dir='ltr'>Romanum</span> <span class='ocrx_word' id='word_1_223' title='bbox 595 3077 626 3134; x_wconf 86' lang='lat' dir='ltr'>ot</span> <span class='ocrx_word' id='word_1_224' title='bbox 657 3069 861 3134; x_wconf 87' lang='lat' dir='ltr'>vehementer</span> <span class='ocrx_word' id='word_1_225' title='bbox 888 3073 972 3133; x_wconf 86' lang='lat' dir='ltr'>esset</span> <span class='ocrx_word' id='word_1_226' title='bbox 997 3069 1128 3146; x_wconf 86' lang='lat' dir='ltr'>locutus,</span> 
     </span>
     <span class='ocr_line' id='line_1_28' title="bbox 101 3171 1199 3256; baseline -0.005 -24"><span class='ocrx_word' id='word_1_227' title='bbox 101 3187 192 3248; x_wconf 88' lang='lat' dir='ltr'>quarn</span> <span class='ocrx_word' id='word_1_228' title='bbox 221 3172 394 3236; x_wconf 89' lang='lat' dir='ltr'>orationem</span> <span class='ocrx_word' id='word_1_229' title='bbox 425 3173 457 3236; x_wconf 95' lang='lat' dir='ltr'>in</span> <span class='ocrx_word' id='word_1_230' title='bbox 481 3171 665 3256; x_wconf 81' lang='lat' dir='ltr'>Originibus</span> <span class='ocrx_word' id='word_1_231' title='bbox 695 3172 760 3237; x_wconf 89' lang='lat' dir='ltr'>suis</span> <span class='ocrx_word' id='word_1_232' title='bbox 788 3171 934 3254; x_wconf 84' lang='lat' dir='ltr'>exposuit</span> <span class='ocrx_word' id='word_1_233' title='bbox 961 3171 1039 3253; x_wconf 89' lang='lat' dir='ltr'>ipse.</span> <span class='ocrx_word' id='word_1_234' title='bbox 1085 3191 1130 3234; x_wconf 88' lang='lat' dir='ltr'>re·</span> <span class='ocrx_word' id='word_1_235' title='bbox 1149 3178 1199 3227; x_wconf 79' lang='lat' dir='ltr'>aas</span> 
     </span>
     <span class='ocr_line' id='line_1_29' title="bbox 106 3269 1130 3364; baseline 0 -32"><span class='ocrx_word' id='word_1_236' title='bbox 106 3269 317 3364; x_wconf 85' lang='lat' dir='ltr'>prehendebat</span> <span class='ocrx_word' id='word_1_237' title='bbox 346 3275 442 3358; x_wconf 83' lang='lat' dir='ltr'>igitur</span> <span class='ocrx_word' id='word_1_238' title='bbox 464 3276 599 3341; x_wconf 79' lang='lat' dir='ltr'>Galbam</span> <span class='ocrx_word' id='word_1_239' title='bbox 628 3275 773 3355; x_wconf 86' lang='lat' dir='ltr'>Rutilius,</span> <span class='ocrx_word' id='word_1_240' title='bbox 805 3273 890 3356; x_wconf 91' lang='lat' dir='ltr'>quod</span> <span class='ocrx_word' id='word_1_241' title='bbox 912 3274 940 3338; x_wconf 91' lang='lat' dir='ltr'>is</span> <span class='ocrx_word' id='word_1_242' title='bbox 972 3275 1006 3338; x_wconf 84' lang='lat' dir='ltr'>O.</span> <span class='ocrx_word' id='word_1_243' title='bbox 1031 3272 1130 3354; x_wconf 84' lang='lat' dir='ltr'>Sulpi-</span> 
     </span>
     <span class='ocr_line' id='line_1_30' title="bbox 10 3371 1133 3494; baseline -0.002 -57"><span class='ocrx_word' id='word_1_244' title='bbox 10 3399 11 3422; x_wconf 67' lang='grc' dir='ltr'>ι</span> <span class='ocrx_word' id='word_1_245' title='bbox 47 3391 81 3437; x_wconf 82' lang='grc'>30</span> <span class='ocrx_word' id='word_1_246' title='bbox 102 3371 145 3434; x_wconf 87' lang='lat' dir='ltr'>cii</span> <span class='ocrx_word' id='word_1_247' title='bbox 169 3373 246 3440; x_wconf 89' lang='lat' dir='ltr'>Galli</span> <span class='ocrx_word' id='word_1_248' title='bbox 273 3378 440 3461; x_wconf 92' lang='lat' dir='ltr'>propinqui</span> <span class='ocrx_word' id='word_1_249' title='bbox 473 3378 521 3444; x_wconf 91' lang='lat' dir='ltr'>sui</span> <span class='ocrx_word' id='word_1_250' title='bbox 557 3377 593 3454; x_wconf 79' lang='lat' dir='ltr'>Q.</span> <span class='ocrx_word' id='word_1_251' title='bbox 622 3378 777 3494; x_wconf 82' lang='lat' dir='ltr'>pupillum</span> <span class='ocrx_word' id='word_1_252' title='bbox 804 3376 903 3440; x_wconf 92' lang='lat' dir='ltr'>filium</span> <span class='ocrx_word' id='word_1_253' title='bbox 929 3376 998 3458; x_wconf 90' lang='lat' dir='ltr'>ipse</span> <span class='ocrx_word' id='word_1_254' title='bbox 1028 3387 1133 3456; x_wconf 53' lang='lat' dir='ltr'>paene*</span> 
     </span>
     <span class='ocr_line' id='line_1_31' title="bbox 103 3473 1130 3564; baseline 0 -28"><span class='ocrx_word' id='word_1_255' title='bbox 103 3473 139 3537; x_wconf 93' lang='lat' dir='ltr'>in</span> <span class='ocrx_word' id='word_1_256' title='bbox 158 3495 276 3546; x_wconf 87' lang='lat' dir='ltr'>umeros</span> <span class='ocrx_word' id='word_1_257' title='bbox 299 3499 372 3545; x_wconf 92' lang='lat' dir='ltr'>suos</span> <span class='ocrx_word' id='word_1_258' title='bbox 400 3482 575 3561; x_wconf 83' lang='lat' dir='ltr'>extulisset,</span> <span class='ocrx_word' id='word_1_259' title='bbox 604 3481 657 3562; x_wconf 87' lang='lat' dir='ltr'>qui</span> <span class='ocrx_word' id='word_1_260' title='bbox 679 3479 779 3564; x_wconf 91' lang='lat' dir='ltr'>patris</span> <span class='ocrx_word' id='word_1_261' title='bbox 802 3477 967 3543; x_wconf 90' lang='lat' dir='ltr'>clarissimi</span> <span class='ocrx_word' id='word_1_262' title='bbox 990 3473 1130 3540; x_wconf 86' lang='lat' dir='ltr'>recorda-</span> 
     </span>
     <span class='ocr_line' id='line_1_32' title="bbox 104 3575 1130 3670; baseline 0.002 -33"><span class='ocrx_word' id='word_1_263' title='bbox 104 3575 185 3643; x_wconf 84' lang='lat' dir='ltr'>tione</span> <span class='ocrx_word' id='word_1_264' title='bbox 206 3590 236 3646; x_wconf 89' lang='lat' dir='ltr'>et</span> <span class='ocrx_word' id='word_1_265' title='bbox 258 3584 409 3647; x_wconf 89' lang='lat' dir='ltr'>memoria</span> <span class='ocrx_word' id='word_1_266' title='bbox 435 3583 490 3648; x_wconf 86' lang='lat' dir='ltr'>list</span> <span class='ocrx_word' id='word_1_267' title='bbox 477 3590 544 3647; x_wconf 91' lang='lat' dir='ltr'>tum</span> <span class='ocrx_word' id='word_1_268' title='bbox 571 3583 722 3670; x_wconf 92' lang='lat' dir='ltr'>populo</span> <span class='ocrx_word' id='word_1_269' title='bbox 714 3587 865 3660; x_wconf 86' lang='lat' dir='ltr'>moveret,</span> <span class='ocrx_word' id='word_1_270' title='bbox 895 3578 1027 3643; x_wconf 88' lang='lat' dir='ltr'>etduos</span> <span class='ocrx_word' id='word_1_271' title='bbox 1050 3575 1130 3640; x_wconf 89' lang='lat' dir='ltr'>filios</span> 
     </span>
     <span class='ocr_line' id='line_1_33' title="bbox 103 3683 1228 3768; baseline -0.003 -26"><span class='ocrx_word' id='word_1_272' title='bbox 103 3697 175 3745; x_wconf 86' lang='lat' dir='ltr'>suos</span> <span class='ocrx_word' id='word_1_273' title='bbox 194 3705 307 3767; x_wconf 91' lang='lat' dir='ltr'>parvos</span> <span class='ocrx_word' id='word_1_274' title='bbox 322 3693 370 3750; x_wconf 91' lang='lat' dir='ltr'>tut</span> <span class='ocrx_word' id='word_1_275' title='bbox 357 3687 439 3750; x_wconf 92' lang='lat' dir='ltr'>telae</span> <span class='ocrx_word' id='word_1_276' title='bbox 455 3686 562 3768; x_wconf 91' lang='lat' dir='ltr'>populi</span> <span class='ocrx_word' id='word_1_277' title='bbox 579 3683 831 3768; x_wconf 89' lang='lat' dir='ltr'>commendasset</span> <span class='ocrx_word' id='word_1_278' title='bbox 819 3689 885 3744; x_wconf 86' lang='lat' dir='ltr'>tac</span> <span class='ocrx_word' id='word_1_279' title='bbox 902 3700 945 3760; x_wconf 85' lang='lat' dir='ltr'>se,</span> <span class='ocrx_word' id='word_1_280' title='bbox 969 3686 1129 3756; x_wconf 89' lang='lat' dir='ltr'>tamquam</span> <span class='ocrx_word' id='word_1_281' title='bbox 1226 3712 1228 3718; x_wconf 21' lang='grc' dir='ltr'><strong><em>π</em></strong></span> 
     </span>
     <span class='ocr_line' id='line_1_34' title="bbox 102 3778 1128 3866; baseline -0.008 -17"><span class='ocrx_word' id='word_1_282' title='bbox 102 3781 139 3844; x_wconf 88' lang='lat' dir='ltr'>in</span> <span class='ocrx_word' id='word_1_283' title='bbox 158 3789 313 3866; x_wconf 88' lang='lat' dir='ltr'>procinctu</span> <span class='ocrx_word' id='word_1_284' title='bbox 335 3795 559 3854; x_wconf 82' lang='lat' dir='ltr'>testamentum</span> <span class='ocrx_word' id='word_1_285' title='bbox 582 3787 700 3850; x_wconf 89' lang='lat' dir='ltr'>faceret</span> <span class='ocrx_word' id='word_1_286' title='bbox 716 3785 784 3848; x_wconf 90' lang='lat' dir='ltr'>sine</span> <span class='ocrx_word' id='word_1_287' title='bbox 799 3781 926 3844; x_wconf 89' lang='lat' dir='ltr'>librat</span> <span class='ocrx_word' id='word_1_288' title='bbox 893 3801 912 3842; x_wconf 92' lang='lat' dir='ltr'>a</span> <span class='ocrx_word' id='word_1_289' title='bbox 914 3787 988 3859; x_wconf 92' lang='lat' dir='ltr'>tque</span> <span class='ocrx_word' id='word_1_290' title='bbox 1003 3778 1128 3856; x_wconf 87' lang='lat' dir='ltr'>tabulis,</span> 
     </span>
    </p>
   </div>
   <div class='ocr_carea' id='block_1_4' title="bbox 0 0 1440 4110">
    <p class='ocr_par' dir='ltr' id='par_1_4' title="bbox 0 0 1440 4110">
     <span class='ocr_line' id='line_1_35' title="bbox 0 0 1440 4110; baseline 0 0"><span class='ocrx_word' id='word_1_291' title='bbox 0 0 1440 4110; x_wconf 95' lang='lat' dir='ltr'> </span> 
     </span>
    </p>
   </div>
  </div>
 </body>
</html>
