2836 4114
385 211 496 266 LIBER
510 211 562 265 111.
586 210 670 266 uAP.
684 214 759 267 2-3.
786 215 801 274 §
815 215 907 268 7—10.
1100 197 1159 260 171

120 384 256 450 consilia
278 391 378 450 morte
400 385 561 469 pervertit.
607 384 668 449 fuit
689 385 750 450 hoc
772 385 949 449 luctuosum
972 385 1047 466 suis,
1078 405 1162 449 acer·
1181 399 1197 447 8

118 489 199 553 bum
222 488 352 572 patriae,
375 509 473 572 grave
502 488 595 554 bonis
625 488 789 572 omnibus3
821 487 878 554 sed
908 489 930 552 ii
957 495 1066 554 tamen
1095 509 1163 553 rem

118 592 283 677 publicam
305 612 396 657 casus
419 593 520 659 secuti
543 599 625 673 sunt,
642 600 676 657 ut
692 591 768 655 mibi
785 612 848 657 non
867 599 975 675 crepta
994 592 1029 666 L.
1049 593 1163 658 Crasso

119 717 143 760 a
164 695 214 760 dis
237 695 465 762 immortalibus
487 697 562 778 vita,
587 695 644 761 sed
667 695 785 785 donata
807 715 891 762 mors
914 715 984 761 esse
1007 694 1161 760 videatur.

1 845 2 862 1
79 815 97 860 o
120 820 187 864 non
210 799 291 864 vidit
311 799 500 884 flagrantem
522 800 649 864 Italiam
671 799 763 879 bello,
780 820 844 864 non
860 798 1025 864 ardentem
1041 798 1164 864 invidia

1 907 2 912 ’
122 909 279 983 senatum,
309 924 372 968 non
408 904 535 968 sceleris
569 903 683 967 nefarii
717 903 877 987 principes
911 903 1049 968 civitatis
1082 922 1162 983 reos,

121 1028 188 1073 non
210 1007 443 1088 luctumliliae,
472 1028 537 1073 non
558 1007 689 1072 exilium
704 1007 824 1091 generi,
840 1028 905 1072 non
924 1007 1162 1073 acerbissimam

122 1111 157 1177 Ο.
175 1110 267 1175 Marii
301 1110 420 1194 fugam,
451 1132 515 1176 non
545 1110 633 1175 illam
659 1116 732 1193 post
761 1109 899 1175 reditum
934 1112 1002 1176 eius
1032 1110 1163 1176 caedem

121 1214 264 1280 omnium
295 1214 554 1296 crudelissimam,
591 1235 655 1281 non
693 1213 830 1296 denique
860 1215 894 1278 in
929 1215 1015 1280 omni
1045 1234 1162 1300 genere

1 1351 2 1356 1
64 1331 101 1378 1o
122 1318 334 1384 deformatam
367 1339 437 1383 eam
473 1319 644 1400 civitatem,
678 1319 712 1383 in
747 1339 811 1401 qua
843 1319 913 1402 ipse
940 1317 1163 1385 florentissima

119 1422 256 1486 multum
278 1422 424 1487 omnibus
446 1423 548 1506 gloria
570 1421 789 1506 praestitisset.

228 1525 268 1588 Et
290 1513 438 1607 quoniam
468 1527 559 1610 attigi
595 1526 786 1609 cogitatione
817 1526 882 1590 vim
913 1496 1200 1618 varietatemque}

120 1630 280 1710 fortunae,
312 1650 376 1694 non
410 1630 579 1714 vagabitur
612 1630 711 1694 oratio
741 1622 820 1695 mea'
843 1629 968 1713 longius
999 1635 1094 1710 atque
1118 1629 1164 1693 eis

120 1734 191 1799 sere
217 1733 296 1816 ipsis
324 1732 492 1799 definietur
522 1735 608 1815 viris,
641 1733 695 1815 qul
728 1732 789 1800 hoc
823 1752 977 1812 sermone,
1001 1750 1163 1812 1111111-

68 1851 101 1896 15
121 1838 207 1903 ferre
234 1837 438 1921 suscepimus,
462 1839 672 1904 continentur.
720 1837 790 1919 quis
813 1837 898 1901 enim
922 1856 986 1900 non
1002 1835 1068 1900 iure
1092 1835 1164 1899 bea-

122 1951 191 2007 tam
214 1942 249 2006 L.
267 1941 372 2007 011111
388 1948 519 2007 mortem
534 1943 630 2022 illam,
655 1961 738 2023 quae
761 1946 809 2006 est
831 1960 851 2004 a
872 1940 978 2004 multis
993 1959 1090 2022 saepe
1113 1938 1164 2003 de-

121 2045 210 2125 fleta,
234 2043 360 2125 dixerit,
384 2065 456 2110 cum
478 2045 589 2110 horum
612 2045 751 2129 ipsorum
774 2044 824 2124 sit,
853 2044 907 2126 qui
934 2051 1001 2108 tum
1017 2063 1089 2106 cum
1112 2042 1164 2108 illo

121 2155 317 2233 postremum
341 2148 407 2213 fere
431 2149 586 2214 conlocuti
610 2155 694 2228 sunt,
718 2154 867 2213 eventum
894 2145 1099 2213 recordatus?
1123 2153 1165 2210 te-

121 2271 237 2316 nemus
253 2250 337 2316 enim
353 2252 505 2316 memoria
527 2250 564 2328 Q.
583 2252 729 2317 Catulum
744 2251 847 2316 virum
863 2251 948 2316 omni
964 2249 1058 2314 laude
1073 2269 1161 2333 prae·

66 2363 271 2436 abstantem,
295 2376 366 2420 cum
390 2356 451 2421 sibi
474 2376 537 2419 non
552 2357 742 2421 incolumem
765 2355 934 2436 fortunam,
959 2353 1016 2420 sed
1032 2353 1163 2419 exilium

121 2467 154 2525 et
176 2459 288 2542 fugam
311 2458 543 2542 deprecaretur,
567 2479 636 2525 esse
660 2467 804 2524 coactum
826 2466 861 2524 nt
884 2460 951 2524 vita
966 2479 1000 2525 se
1020 2458 1089 2542 ipse
1105 2458 1164 2542 pri·

120 2570 222 2628 varst.
268 2563 332 2627 iam
361 2563 402 2628 Μ.
419 2564 550 2628 Antonii
579 2563 613 2627 11
644 2563 690 2628 eis
720 2564 798 2647 ipsis
832 2564 951 2646 rostris,
982 2564 1015 2628 11
1050 2563 1216 2645 quibus10

119 2667 174 2732 ille
191 2685 264 2732 rem
288 2667 447 2751 publicam
472 2667 727 2732 constantissime
743 2668 854 2732 consul
868 2667 1056 2734 defenderat
1072 2686 1165 2748 quae·

121 2791 183 2853 que
208 2791 320 2837 censor
342 2772 552 2855 imperatoriis
574 2772 733 2838 manubiis
750 2779 885 2854 ornarat,
910 2774 1047 2857 positum
1071 2777 1165 2855 caput

65 2887 100 2934 as
121 2874 201 2940 illud
224 2874 293 2955 luit,
317 2896 337 2940 a
360 2895 422 2957 qno
446 2883 537 2940 erant
558 2876 726 2940 multorum
749 2876 866 2940 civium
895 2878 1002 2962 capita
1028 2881 1164 2940 servata.

2 2982 8 3257 ἱ
122 2999 227 3060 neque
250 2998 326 3044 vero
349 2979 444 3062 longe
467 2981 508 3044 ab
540 2999 577 3044 eo
601 2980 634 3046 O.
652 2979 724 3044 Iulii
754 2987 850 3062 caput
880 2980 1013 3066 hospitis
1040 2979 1166 3044 Etrusci

122 3083 242 3148 scelere
271 3081 429 3166 proditum
461 3103 532 3147 cum
562 3084 597 3147 L.
622 3082 694 3148 Iulii
724 3082 830 3147 fratris
858 3087 962 3169 capite
991 3084 1098 3163 iacuit,
1132 3090 1167 3148 ut

122 3186 184 3266 ille,
209 3187 264 3268 qui
287 3186 366 3251 haec
389 3207 453 3251 non
476 3186 566 3268 vidit,
591 3195 622 3251 et
644 3186 765 3251 vixisse
788 3207 862 3251 cum
885 3188 1063 3274 republica
1085 3186 1166 3269 pari·

121 3297 169 3355 ter
192 3295 224 3354 11
255 3309 326 3354 cum
356 3289 411 3354 illa
442 3290 536 3354 simul
569 3290 728 3355 extinctus
760 3310 830 3356 esse
860 3291 1016 3357 videatur.
1062 3307 1166 3372 neque

4 3455 5 3472 ,
67 3395 207 3458 3011111
231 3395 442 3477 propinquum
473 3412 563 3458 suum
595 3394 726 3458 maximi
756 3375 988 3460 animi⁴virum
1019 3394 1053 3456 P.
1076 3391 1166 3458 Cras·

123 3516 192 3562 sum
216 3504 328 3580 suapte
352 3496 552 3562 interfectum
575 3517 674 3561 manu
697 3517 801 3578 neque
825 3498 977 3582 conlegae
1002 3495 1050 3560 sui
1066 3497 1166 3578 ponti·

122 3599 190 3665 ficis
213 3601 345 3665 maximi
369 3600 525 3684 sanguine
548 3601 750 3665 simulacrum
766 3601 883 3664 Vestae
900 3617 1079 3681 respersum
1095 3618 1166 3665 esse

122 3703 217 3788 vidit5
242 3704 293 3770 cui
315 3704 459 3783 maerori,
484 3722 547 3784 qua
570 3710 676 3768 mente
697 3704 749 3768 ille
772 3704 805 3767 in
821 3705 957 3786 patriam
973 3701 1043 3783 fuit,
1068 3702 1166 3767 etiam

125 3808 157 3874 O.
175 3808 331 3874 Carbonis
360 3806 569 3872 inimicissimi
600 3807 738 3872 hominis
772 3805 885 3872 eodem
915 3807 968 3871 illo
998 3805 1051 3871 die
1080 3827 1166 3872 mors
