2866 4110
352 201 466 254 uranu
485 203 507 256 1.
538 201 620 256 cnr.
634 205 676 260 59·
706 204 885 267 saec-253.
1094 187 1136 251 65

94 372 205 455 sertim,
222 376 319 441 cuius
341 375 522 458 eloquentia
545 376 637 460 copia
658 397 763 442 rerum
786 375 902 442 debeat
924 397 995 442 esse
1010 383 1135 461 ornata;

95 476 147 540 sed
168 480 271 545 multa
296 487 331 545 et
354 500 472 564 magna
495 487 526 545 et
548 479 692 546 difficilia
714 486 787 545 sunt
810 501 953 563 eaquae
976 487 1049 545 sunt
1071 501 1137 545 cra-

95 581 149 644 tori
170 583 372 666 necessaria,
395 591 429 648 ut
452 583 520 650 eius
542 584 729 649 industriam
749 585 783 648 in
799 585 890 668 plura
908 583 1013 650 studia
1028 583 1138 649 distra-

96 680 167 750 here
188 689 304 753 nolim.
353 687 424 769 quis
449 695 546 771 neget
568 708 647 772 opus
671 698 744 754 esse'
763 689 879 753 oratori
901 689 935 752 in
956 679 1018 754 hoc
1040 696 1138 754 orato·
1157 699 1206 747 251

71 788 139 852 trio
160 797 248 856 motu
274 797 426 872 statuque
448 791 553 857 Roscii
576 798 701 875 gestum
729 798 761 856 et
783 794 1005 858 venustatem?
1031 799 1139 858 tamen

99 911 185 959 nemo
208 895 352 962 suaserit
379 894 527 960 studiosis
557 895 684 961 dicendi
706 895 962 962 adulescentibus
990 897 1025 962 in
1047 904 1140 981 gestu

101 996 249 1066 discendo
280 999 470 1064 histrionum
500 1019 588 1065 more
618 1000 789 1066 elaborare.
837 998 914 1082 quid
944 1008 993 1066 est
1026 1002 1141 1066 oratori

102 1107 160 1167 tarn
181 1103 405 1170 necessarium
435 1123 530 1184 quam
560 1104 647 1169 vox?
677 1110 785 1169 tamen
815 1125 866 1168 me
888 1112 1016 1170 auctore
1047 1126 1141 1170 nemo

102 1205 223 1272 dicendi
249 1205 412 1272 studiosus
436 1206 626 1273 Graecorum
649 1228 735 1272 more
757 1206 979 1291 tragoedorum
994 1210 1066 1276 voci
1081 1229 1142 1274 ser-

62 1327 87 1374 ro
103 1311 172 1392 viet,
202 1311 262 1396 qui
296 1318 328 1376 et
358 1331 460 1376 annos
490 1312 659 1396 compluris
690 1311 839 1379 sedentes
871 1311 1078 1378 declamitant
1111 1321 1143 1378 ct

104 1416 224 1498 cotidie,
249 1422 327 1480 ante
351 1435 446 1497 quam
468 1417 683 1499 pronuntient,
711 1437 823 1482 vocem
846 1418 999 1482 cubantes
1025 1416 1143 1483 sensim

105 1521 244 1586 excitant
264 1518 474 1603 eandemque,
492 1540 564 1584 cum
579 1527 724 1605 egerunt,
741 1520 890 1586 sedentes
905 1522 946 1585 ab
962 1522 1144 1586 acutissimo

105 1643 176 1690 sono
203 1643 310 1706 usque
341 1623 382 1686 ad
412 1624 635 1706 gravissimum
665 1645 777 1691 sonum
806 1625 964 1708 recipiunt
993 1631 1026 1689 et
1055 1625 1146 1706 quasi

106 1729 242 1810 quodam
271 1726 368 1792 modo
401 1728 574 1811 conligunt.
627 1729 689 1794 hoc
721 1749 779 1794 nos
810 1729 837 1794 si
866 1729 972 1794 facere
1001 1729 1146 1808 velimus,

64 1846 90 1893 15
106 1839 176 1897 ante
200 1831 455 1897 condemnentur
476 1831 499 1895 ii
523 1851 656 1914 quorum
679 1852 790 1898 causas
805 1833 1027 1917 receperimus,
1052 1851 1147 1913 quam

107 1937 219 2002 totiens
250 1934 400 2018 quotiens
429 1935 655 2018 praescribitur
684 1938 845 2002 Paeanem
875 1945 929 2002 aut
959 1934 1148 2000 Nomionem

108 2039 278 2106 citarimns.
326 2036 440 2119 quodsi
460 2039 494 2104 in
516 2045 619 2122 gestu,
645 2040 699 2121 qui
722 2040 855 2106 multum
878 2047 1033 2106 oratorem
1062 2037 1148 2102 adiu·
1168 2054 1218 2102 aaa

109 2150 169 2224 vat,
182 2151 217 2211 et
240 2144 277 2208 in
300 2161 391 2224 voce,
415 2162 496 2224 quae
517 2163 583 2208 una
604 2145 745 2209 maxime
769 2145 982 2227 eloquentiam
1001 2143 1052 2208 vel
1068 2162 1149 2207 com-

109 2249 238 2314 mendat
260 2248 316 2312 vel
338 2248 482 2328 sustinet,
514 2249 679 2315 elaborare
701 2249 795 2315 nobis
826 2270 889 2315 non
911 2251 995 2329 licet,
1024 2267 1062 2332 ac
1084 2254 1150 2312 tan-

65 2365 94 2414 ao
111 2359 172 2417 tum
194 2354 230 2417 in
253 2357 391 2432 unoque
412 2351 546 2434 adsequi
569 2371 738 2437 possumus
762 2360 912 2434 qnantum
936 2355 970 2418 in
992 2351 1053 2416 hac
1080 2352 1149 2416 acie

113 2456 260 2521 cotidiani
283 2455 423 2520 muneris
446 2455 541 2538 spatii
563 2454 658 2521 nobis
685 2456 794 2520 datur:
827 2465 946 2538 quanto
976 2455 1081 2521 minus
1104 2461 1151 2520 est

114 2559 153 2623 ad
172 2560 251 2625 iuris
267 2558 373 2623 civilis
394 2558 596 2642 perdiscendi
611 2559 851 2644 occupationem
867 2559 1151 2628 descendendum?

116 2663 193 2744 qnod
216 2670 250 2728 et
274 2662 455 2728 summatim
477 2662 599 2746 percipi
623 2663 693 2728 sine
716 2662 859 2728 doctrina
880 2671 986 2750 potest
1016 2669 1047 2726 et
1069 2661 1152 2727 hanc

117 2765 208 2832 habet
231 2767 274 2832 ab
298 2765 361 2830 illis
383 2766 478 2830 rebus
493 2764 794 2852 dissimilitudinem,
819 2768 903 2848 quod
917 2788 981 2834 vox
998 2773 1030 2831 et
1043 2751 1153 2850 gestus

70 2881 101 2929 25
118 2871 214 2936 subito
238 2868 322 2934 sumi
352 2875 384 2934 et
413 2868 542 2934 aliunde
563 2867 668 2952 adripi
697 2890 761 2935 non
783 2876 897 2953 potest,
927 2870 1004 2936 iuris
1034 2870 1153 2936 utilitas

118 2974 156 3038 ad
175 2993 336 3056 quamque
359 2993 487 3038 causam
515 2973 661 3055 quamvis
691 2980 822 3056 repente
845 2976 897 3040 vel
923 2997 944 3039 a
970 2975 1080 3058 peritis
1101 2975 1153 3039 vel

119 3077 154 3142 de
174 3079 265 3144 libris
289 3077 443 3160 depromi·
456 3083 568 3161 potest.
608 3077 718 3159 itaque
733 3076 779 3140 illi
794 3077 992 3146 disertissimi
1008 3077 1153 3144 homines
1172 3090 1221 3138 aaa

119 3181 273 3248 ministros
304 3181 425 3247 habent
453 3181 486 3246 in
514 3181 618 3245 causis
648 3181 725 3245 iuris
751 3182 879 3266 peritos,
911 3202 983 3246 cunr
1006 3182 1067 3266 ipsi
1091 3181 1154 3245 sint

119 3285 352 3370 imperitissimi,
383 3285 414 3350 ei
443 3285 508 3366 qui,
537 3290 573 3348 ut
595 3285 654 3350 abs
676 3290 708 3350 te
730 3284 824 3368 paulo
847 3292 922 3350 ante
949 3282 1068 3348 dictum
1095 3290 1153 3364 est,

75 3396 104 3446 ³0
119 3379 328 3474 ‘pragmatici’
342 3394 506 3454 vocantur.
530 3388 638 3470 inquo
657 3387 757 3452 nostri
772 3388 900 3452 omnino
916 3386 1028 3450 melius
1043 3384 1153 3466 multe,

121 3493 200 3574 quod
223 3493 469 3559 clarissimorum
498 3490 661 3556 hominum
691 3491 877 3556 auctoritate
906 3491 994 3568 leges
1024 3491 1055 3550 et
1084 3486 1155 3554 iura

120 3601 200 3662 tecta
222 3617 294 3663 esse
316 3597 493 3662 voluerunt.
539 3595 596 3662 scd
618 3601 725 3660 tamen
748 3611 812 3656 non
835 3592 969 3675 fugisset
983 3589 1044 3654 hoc
1059 3587 1155 3658 Grae-

120 3718 171 3766 cos
188 3701 344 3780 homines,
361 3701 387 3764 si
410 3701 456 3764 ita
477 3719 607 3765 necesse
623 3718 693 3764 esse
707 3687 850 3760 arbitrati
866 3697 981 3770 essent,
998 3694 1154 3758 oratorem

120 3800 221 3885 ipsum
248 3802 374 3869 erudire
401 3805 437 3866 ia
462 3804 530 3866 inre
557 3800 651 3880 civili,
675 3817 738 3863 non
761 3795 790 3858 ei
813 3792 1043 3876 pragmaticum
1065 3793 1155 3858 adiu·

170 3913 277 3956 Oiccronia
290 3913 316 3954 da
330 3914 412 3954 oratore
424 3911 483 3952 libri.
743 3931 746 3936 ,
980 3911 995 3941 a
