2836 4114
273 157 333 218 168
537 172 649 226 LIBER
661 173 698 228 11.
723 173 806 227 CAP.
821 177 863 228 90.
888 175 1062 237 §365-367.

269 347 408 411 Antonio
441 347 708 430 praetermissum,
743 369 807 412 non
842 367 946 412 essem
980 353 1045 410 tam
1075 346 1244 411 inurbanus
1272 349 1312 408 et

268 470 372 535 paene
395 449 596 531 inhumanus,
627 456 662 514 ut
691 451 724 514 in
756 470 793 514 eo
815 470 967 533 gravarer
996 449 1081 531 quod
1111 469 1168 515 vos
1195 469 1312 532 oupere
1405 465 1406 480 ¹

200 566 251 615 asa
270 548 441 619 sentirem'
485 559 552 617 tum
584 553 742 638 Sulpicius
773 558 824 617 ‘an
859 555 943 638 ergo’
979 554 1083 635 inquit
1114 553 1235 618 ‘oblitus
1259 571 1310 632 11,

271 659 395 739 Crasse,
418 657 591 722 Antonium
621 657 666 721 ita
695 657 846 740 partitum
879 676 950 722 esse
979 663 1094 737 teoum,
1119 663 1153 720 ut
1175 657 1240 740 ipse
1260 655 1313 718 in-

270 767 478 827 strumentum
509 761 642 826 oratoris
672 767 855 844 exponeret,
887 760 946 824 tibi
976 761 1045 825 eius
1075 759 1350 825 distinotionems
1405 839 1406 844 ἵ

269 872 365 948 atque
388 870 532 931 omatum
555 863 781 946 relinqueret‘l'
812 863 864 928 hio
895 864 948 929 ille
972 864 1118 946 ‘primum
1148 863 1217 945 quis
1245 863 1313 926 An·
1405 855 1406 860 ’

269 970 356 1034 tonio
378 968 528 1052 permisit*
553 968 656 1050 inquit
679 972 723 1032 ‘ut
745 974 777 1032 et
792 973 898 1051 partes
914 967 1034 1032 faceret
1050 973 1082 1033 et
1097 973 1200 1032 utram
1214 965 1313 1031 vellet

269 1071 354 1156 prior
376 1073 444 1154 ipse
467 1071 628 1137 sumeret?
660 1070 786 1152 deinde,
820 1092 881 1156 ego
904 1072 931 1136 si
953 1077 1038 1136 reete
1061 1071 1214 1162 intellexi?
1237 1089 1312 1135 111111

270 1174 364 1240 valde
394 1175 529 1240 libenter
563 1175 716 1257 audirem,
751 1175 829 1240 mihi
871 1176 1038 1240 ooniunote
1072 1180 1120 1240 est
1150 1175 1237 1240 visus
1267 1173 1312 1239 de
1405 1225 1406 1230 1

271 1285 404 1360 utraque
426 1299 460 1343 re
483 1277 608 1344 dieere.'
655 1279 717 1344 ‘ille
748 1283 832 1345 vero'
863 1279 967 1361 inquit
997 1279 1091 1344 Cotta
1114 1284 1312 1345 'ornamenta
1335 1291 1367 1338 ro

270 1383 420 1447 orationis
442 1403 507 1446 non
522 1382 627 1466 attigit
642 1403 746 1464 neque
762 1403 833 1448 earn
848 1381 976 1447 laudem
992 1403 1033 1448 ex
1050 1403 1113 1465 qua
1130 1383 1312 1465 eloquentia
1405 1407 1406 1412 ¹

270 1505 386 1550 nomen
409 1505 499 1550 suum
521 1485 665 1550 invenit'
711 1487 819 1551 ‘verba
834 1485 939 1569 igitur'
956 1486 1058 1568 inquit
1075 1487 1208 1552 Crassus
1225 1485 1312 1550 ‘mihi

200 1602 250 1650 367
270 1590 395 1672 reliquit
428 1590 595 1671 Antonius,
626 1611 693 1655 rem
723 1591 792 1674 ipse
822 1591 978 1674 sumpsit!
1023 1597 1090 1654 tum
1122 1591 1241 1656 Caesar
1264 1590 1311 1670 ‘si,

270 1693 354 1777 quod
387 1694 548 1760 difficilius
582 1701 638 1775 est,
673 1693 707 1758 id
740 1695 799 1759 tibi
832 1693 968 1776 reliquit,
1001 1699 1050 1758 est
1079 1693 1181 1759 nobis'
1210 1694 1313 1776 inquit

269 1795 377 1864 ‘eausa
400 1819 455 1864 eur
477 1806 508 1865 te
531 1797 641 1863 audire
665 1798 847 1882 cupiamus3
879 1798 938 1878 sin,
971 1796 1056 1879 quod
1085 1797 1222 1879 facilius
1255 1798 1313 1862 tibi
1334 1809 1365 1858 15

271 1922 367 1967 eausa
389 1922 452 1967 non
476 1908 524 1967 est
547 1922 602 1966 our
624 1904 771 1966 recuses’
817 1908 848 1966 et
877 1901 1008 1966 Catulus
1032 1900 1127 1983 ‘quid,
1156 1901 1243 1983 quod
1270 1901 1313 1965 di·

270 2005 354 2070 111111
378 2005 481 2087 inquit
504 2006 638 2085 Crasse,
670 2005 697 2069 si
727 2003 779 2069 hie
808 2003 904 2069 hodie
932 2004 1018 2087 apud
1043 2010 1076 2068 te
1098 2024 1311 2085 maneremus,

271 2115 303 2173 te
326 2129 445 2173 morem
467 2109 559 2174 nobis
583 2128 653 2174 esse
675 2114 848 2192 gesturum,
880 2107 1002 2173 nihilne
1032 2105 1074 2172 ad
1104 2107 1201 2172 fidem
1225 2115 1313 2173 tuam
1405 2175 1406 2180 ,

269 2220 363 2297 putas
385 2213 578 2296 pertinere?
603 2219 668 2276 tum
693 2212 786 2277 Cotta
807 2210 915 2276 ridens
939 2215 1075 2295 ‘possem
1105 2212 1172 2277 tibi'
1209 2212 1313 2294 inquit

270 2316 404 2396 Crasse,
436 2316 623 2400 concedere3
655 2314 712 2381 sed
744 2315 816 2379 vide
846 2334 887 2379 ne
911 2314 987 2396 quid
1010 2315 1140 2380 Catulus
1171 2316 1314 2380 attulerit
1331 2329 1362 2378 ao

270 2418 447 2501 religionis:
472 2440 551 2503 opus
574 2419 635 2484 hoo
657 2419 834 2484 censorium
858 2424 915 2499 est,
939 2418 972 2482 id
987 2424 1094 2483 autem
1115 2419 1313 2484 committere

269 2520 360 2586 vides
398 2542 493 2604 quam
528 2522 649 2586 homini
683 2523 826 2588 oensorio
860 2524 1050 2588 conveniat?
1097 2523 1192 2605 'agite
1227 2524 1313 2588 vero'
1405 2545 1406 2548 ¹

271 2623 343 2712 [ille]
367 2625 469 2706 inquit
491 2631 535 2690 ‘ut
557 2626 659 2690 voltis.
706 2625 763 2690 sed
792 2647 877 2691 nune
909 2625 1048 2708 quidem,
1079 2626 1231 2708 quoniam
1266 2633 1313 2692 est

269 2728 302 2794 id
326 2729 485 2812 temporis
509 2728 705 2813 surgendum
728 2750 842 2795 oenseo
874 2736 905 2794 et
928 2727 1209 2812 requiescendum
1242 2737 1313 2814 post

269 2831 443 2913 meridiem,
468 2833 494 2898 si
517 2833 562 2897 ita
585 2833 675 2898 vobis
698 2839 747 2899 est
770 2832 979 2913 commodum,
1000 2835 1163 2914 loquemur
1178 2833 1309 2916 aliquid,
1328 2847 1358 2897 at

268 2935 330 3000 nisi
352 2934 432 3000 sorte
454 2937 488 3000 in
511 2936 683 3000 erastinum
706 2935 832 3001 differre
855 2937 1021 3002 mavoltis'
1068 2956 1178 3002 omnes
1201 2957 1237 3002 se
1261 2940 1312 3004 vel
1405 3011 1406 3018 ἵ

270 3039 376 3105 statim
399 3039 451 3104 vel
474 3041 500 3105 si
522 3041 592 3124 ipse
615 3046 686 3126 post
710 3038 896 3127 [meridiem]
920 3041 1037 3121 mallet,
1062 3041 1311 3124 quamprimum

197 3212 200 3218 ,
270 3151 376 3210 tamen
399 3142 510 3209 audire
533 3145 615 3209 velle
639 3144 797 3210 dixerunt.
