2834 4110
272 205 315 269 98
478 223 592 276 111111
610 223 647 276 11.
678 223 762 277 cnr.
780 226 892 279 25-26.
924 226 1103 287 §loo-110.

271 398 448 482 quaeritur;
483 404 518 462 ut
541 418 612 462 cum
635 399 670 463 L.
693 396 810 482 Opimii
841 418 970 463 causam
1004 397 1199 464 defendebat
1229 395 1314 480 apud

271 503 420 585 populum
443 502 594 567 audiente
617 523 668 567 me
684 503 719 568 O.
738 503 840 568 Oarbo
853 505 971 584 consul,
984 503 1063 567 nihil
1075 501 1114 566 de
1130 502 1164 567 O.
1178 500 1314 566 Gracchi

271 626 349 671 nece
372 608 522 690 negabat,
547 607 605 695 sed
627 606 661 670 id
684 608 750 672 iure
773 629 830 692 pro
846 609 947 672 salute
962 609 1083 693 patriae
1106 606 1229 671 factum
1245 625 1315 671 esse

271 709 411 795 dicebat,
435 717 470 775 ut
493 710 597 776 eidem
621 711 758 776 Carboni
781 712 908 778 tribuno
927 713 1029 796 plebis
1044 712 1107 776 alia
1122 718 1191 775 tum
1208 717 1315 775 mente

271 834 337 878 rem
360 814 521 899 publicam
551 816 728 899 capessenti
755 817 789 880 P.
807 816 976 881 Africanus
1008 815 1048 880 de
1074 815 1123 879 Ti.
1170 813 1346 879 Gracchos

246 919 479 1003 'interroganti
502 918 710 1002 responderat
732 921 800 986 iure
823 941 951 986 caesum
966 919 1075 984 videri.
1121 919 1192 984 iure
1207 925 1315 984 autem

273 1009 379 1087 omnia
402 1022 618 1088 defenduntur
640 1045 722 1106 quae
746 1033 819 1091 sunt
843 1026 910 1090 eius
932 1025 1072 1108 generis,
1097 1030 1131 1087 ut
1155 1030 1212 1088 aut
1228 1044 1316 1108 opor-

272 1127 366 1190 tuerit
388 1134 444 1191 aut
466 1127 589 1192 licuerit
611 1135 666 1192 aut
689 1149 821 1197 necesse
843 1131 937 1194 fuerit
959 1135 1014 1193 aut
1028 1126 1245 1212 imprudentia
1261 1134 1316 1191 aut

203 1231 548 1297 1011111111111111
572 1232 749 1300 videantur.
795 1237 858 1299 iam
881 1231 957 1314 quid
989 1240 1118 1297 vocetur
1142 1233 1314 1314 quaeritur,

273 1355 343 1399 cum
375 1356 437 1418 quo
467 1338 565 1402 verbo
596 1338 674 1420 quid
707 1335 929 1423 appellandum
961 1335 1002 1399 sit
1032 1335 1248 1420 contenditur3
1280 1342 1316 1400 ut
1335 1351 1362 1396 rc
1396 1385 1397 1390 ,

271 1439 349 1503 mihi
372 1441 434 1525 ipsi
457 1461 529 1505 cum
551 1442 611 1507 hoc
628 1444 765 1528 Sulpicio
788 1440 847 1502 fuit
869 1440 902 1501 in
918 1439 1060 1505 Norbani
1078 1460 1175 1505 causa
1190 1460 1316 1505 summa
1396 1503 1397 1506 ,

273 1545 441 1609 contentio.
487 1545 639 1629 pleraque
662 1546 744 1611 enim
767 1542 806 1606 de
829 1541 867 1604 iis
891 1561 972 1623 quae
994 1545 1035 1608 ab
1052 1545 1112 1609 isto
1135 1544 1317 1609 obicieban·
1396 1571 1397 1574 ¹

272 1654 322 1712 tur
346 1669 416 1712 cum
440 1649 615 1733 confiterer,
639 1657 743 1714 tamen
773 1645 813 1708 ab
844 1644 897 1710 illo
928 1647 1127 1713 maiestatem
1158 1648 1317 1712 minutam
1396 1711 1397 1734 ,

272 1754 442 1836 negabam,
466 1774 508 1818 ex
540 1777 602 1838 quo
632 1751 726 1817 verbo
756 1749 827 1833 lege
849 1750 1008 1835 Appuleia
1040 1757 1107 1816 tota
1136 1752 1192 1816 illa
1216 1772 1316 1817 causa
1396 1787 1397 1804 1

206 1865 254 1913 108
272 1857 441 1942 pendebat.
488 1866 586 1943 atque
620 1858 651 1920 in
685 1852 744 1917 hoc
775 1874 894 1937 genere
928 1876 1094 1921 causarum
1130 1878 1195 1922 non
1235 1857 1316 1921 nulli
1336 1869 1362 1914 15

271 1961 472 2045 praecipiunt
498 1970 534 2028 ut
562 1960 691 2027 verbum
713 1957 792 2022 illud
815 1959 899 2041 quod
922 1980 1050 2024 causam
1073 1959 1152 2024 facit
1174 1960 1316 2026 breviter
1396 1993 1397 1998 1

272 2071 405 2147 uterque
428 2065 568 2131 definiat.
594 2059 676 2146 quod
699 2062 777 2127 mihi
801 2063 929 2146 quidem
951 2084 1104 2148 perquam
1124 2064 1247 2148 puerile
1270 2065 1315 2128 vi·
1396 2119 1397 2144 ,

274 2166 341 2232 deri
364 2170 453 2234 solet.
499 2169 562 2234 alia
585 2172 632 2230 est
654 2166 748 2248 enim,
773 2187 844 2232 cum
866 2168 949 2232 inter
971 2166 1080 2232 doctos
1103 2166 1250 2233 homines
1274 2168 1316 2232 de
1396 2163 1397 2248 3

272 2271 312 2336 iis
346 2272 424 2357 ipsis
463 2273 557 2338 rebus
587 2289 668 2352 quae
706 2278 872 2336 versantur
907 2272 940 2335 in
967 2271 1089 2336 artibus
1123 2270 1314 2355 disputatur,
1396 2283 1397 2340 l

273 2377 442 2440 verborum
465 2374 614 2454 definitio,
638 2379 673 2437 ut
697 2395 767 2439 cum
791 2375 950 2457 quaeritur
976 2373 1054 2456 quid
1078 2376 1118 2440 sit
1140 2395 1204 2455 ars,
1237 2374 1316 2457 quid
1335 2386 1365 2432 20
1396 2359 1397 2444 ᾗ

274 2481 315 2545 so
336 2482 399 2562 nx,
424 2478 500 2563 qun
521 2479 563 2542 su
585 2478 707 2543 civitas.
752 2479 785 2542 in
818 2479 932 2562 quibus
961 2478 1023 2542 hoc
1045 2479 1203 2563 praecipit
1234 2480 1316 2543 rano

275 2592 306 2648 et
321 2585 474 2665 doctrina,
497 2582 602 2646 utris
626 2582 694 2648 eius
716 2583 761 2648 rei
785 2603 879 2665 quam
895 2582 1029 2647 definias
1045 2587 1089 2647 sio
1106 2582 1315 2666 exprimatur,

206 2702 255 2750 ros
274 2697 308 2754 ut
330 2709 435 2772 neque
457 2685 540 2752 absit
563 2687 733 2769 quicquam
755 2707 860 2770 neque
882 2687 1027 2771 supersit.
1075 2686 1160 2768 quod
1185 2686 1315 2768 quidem

273 2793 307 2858 in
329 2793 385 2858 illa
407 2810 503 2857 causa
525 2809 630 2871 neque
654 2791 811 2875 Sulpicius
833 2790 909 2855 fecit
931 2809 1035 2872 neque
1058 2811 1118 2874 ego
1134 2789 1245 2855 facere
1268 2810 1317 2856 co-

274 2904 368 2963 natus
391 2917 476 2979 sum;
501 2914 575 2958 nam
600 2903 753 2978 quantum
775 2902 906 2978 uterque
929 2900 1070 2960 nostrum
1092 2894 1204 2978 potuit,
1229 2895 1317 2960 omni
1336 2903 1366 2951 25

205 3024 243 3100 1
275 3003 367 3087 copia
388 2997 514 3064 dicendi
537 2996 684 3081 dilatauit
714 2999 791 3084 quid
821 3006 905 3065 esset
931 2999 1132 3064 maiestatem
1159 2999 1315 3064 minuere.
1396 2987 1397 3080 1

275 3107 393 3172 etenim
417 3101 558 3168 definitio
581 3107 718 3190 primum
747 3103 938 3189 reprehenso
970 3105 1068 3169 verbo
1090 3124 1153 3169 unc
1184 3111 1241 3168 aut
1263 3103 1317 3168 ad·
1396 3095 1397 3158 1

275 3210 339 3276 dito
362 3214 416 3274 aut
438 3206 567 3290 dempto
598 3230 694 3295 saepe
725 3213 929 3291 extorquetur
959 3228 977 3272 e
1004 3208 1165 3292 manibus;
1197 3207 1317 3272 deinde

277 3334 394 3398 genere
416 3311 484 3394 ipso
508 3310 685 3380 doctrinam
708 3312 829 3378 redolet
859 3311 1182 3394 exercitationemque
1211 3332 1316 3396 paene
1396 3307 1397 3362 l

273 3415 438 3503 puerilem3
462 3415 532 3476 tum
565 3419 652 3482 etin
684 3437 813 3483 sensum
844 3415 932 3481 etin
962 3422 1101 3480 mentem
1132 3415 1247 3480 iudicis
1270 3415 1317 3478 in·
1337 3423 1370 3472 30

274 3528 356 3585 trare
384 3529 444 3575 uon
476 3523 603 3593 potest:
627 3527 703 3586 ante
737 3520 822 3584 enim
851 3519 1092 3602 praeterlabitur
1122 3539 1218 3601 quam
1247 3539 1317 3603 per-

276 3627 363 3705 eepta
383 3614 436 3672 881.

215 3690 257 3814 1211)
370 3706 434 3819 Sed¹
455 3710 493 3776 in
520 3741 559 3789 eo
582 3746 710 3811 genere,
735 3727 769 3790 in
792 3744 854 3806 quo
870 3724 961 3806 quale
977 3726 1018 3790 sit
1041 3726 1117 3808 quid
1132 3727 1315 3810 ambigitur,

277 3816 373 3895 eristit
393 3812 494 3872 enam
524 3829 985 3915 Μ111111111111111111111111
1015 3850 1112 3914 saepe
1143 3830 1315 3912 contentio,
