2834 4110
302 187 417 240 uranu
436 186 473 241 11.
504 186 587 241 one.
605 189 717 242 ao-m.
748 190 928 251 sno-114.
1092 171 1134 234 99

113 357 215 441 inquo
236 363 323 426 nulla
349 368 456 445 potest
483 381 553 427 esse
575 361 638 426 nisi
660 382 701 426 ex
732 362 883 446 ambiguo
911 363 1133 428 controversia.

112 482 173 528 nam
193 464 267 531 illud
297 467 414 550 ipsum,
447 465 532 547 quod
561 466 712 550 seriptum
735 486 756 529 a
779 466 937 531 sententia
967 466 1175 550 discrepata

111 587 199 647 genus
225 569 384 652 quoddam
414 570 513 635 habet
541 570 701 655 ambigui,
733 569 817 651 quod
848 577 915 634 tum
949 570 1135 655 explicatur,

113 688 173 735 oum
198 693 235 738 ea
255 675 356 739 verba
383 693 466 756 quae
498 672 612 740 desunt
642 682 795 758 suggesta
824 682 907 756 sunt,
939 675 1052 758 quibus
1083 673 1136 738 ad-

88 772 177 840 sditis
207 777 387 843 defenditur
418 779 608 843 sententiam
638 779 748 862 seripti
785 780 985 863 perspicuam
1019 779 1134 863 fuisse;

113 896 146 941 ex
165 883 386 964 contrariisque
412 882 537 966 seriptis
560 882 687 964 siquid
716 883 898 966 ambigitur,
929 905 993 949 non
1017 903 1135 949 novum

113 1001 198 1062 genus
218 987 368 1067 nascitur,
393 985 451 1050 sed
474 986 645 1070 superioris
666 987 794 1070 generis
818 1006 914 1052 eausa
942 987 1135 1072 duplicatur,

113 1083 193 1168 idque
212 1097 267 1154 aut
288 1109 465 1171 numquam
488 1089 654 1155 diiudicari
684 1090 799 1174 poterit
828 1098 883 1156 aut
912 1093 958 1156 ita
987 1091 1137 1157 diiudica-

113 1188 190 1273 bitur,
212 1199 246 1257 ut
267 1193 450 1282 rflffflilld
470 1194 649 1278 praeteritis
671 1195 778 1260 verbis
800 1194 834 1258 id
857 1196 1017 1280 seriptum,
1041 1195 1137 1278 quod·
1227 1167 1257 1261 ,l

75 1315 98 1362 1o
113 1311 229 1378 cumque
252 1297 473 1378 defendemus,
496 1299 689 1392 suppleatur.
738 1298 785 1363 ita
807 1299 842 1362 fit
864 1306 899 1363 ut
921 1319 1020 1364 unum
1035 1319 1137 1383 genus

112 1396 138 1461 in
163 1399 199 1466 iis
224 1403 328 1468 causis
360 1422 443 1485 quae
472 1389 606 1487 propter*
630 1403 781 1488 scriptum
811 1405 1017 1489 ambiguntur
1046 1403 1138 1468 relin-

112 1510 218 1586 quatur,
248 1507 276 1572 si
306 1514 355 1572 est
388 1507 538 1591 seriptum
561 1507 682 1591 aliquid
713 1508 871 1593 ambigue.
917 1510 1138 1594 ambiguorum
1158 1522 1205 1569 111

111 1619 203 1674 autem
225 1631 297 1676 oum
319 1612 412 1696 plura
445 1631 564 1694 genera
598 1618 680 1694 sunt,
711 1633 794 1694 quae
827 1613 905 1678 mihi
939 1613 1088 1679 videntur
1115 1610 1139 1676 ii

111 1712 208 1780 melius
229 1736 324 1783 nosse
349 1717 403 1799 qui
427 1716 584 1781 dialeetioi
606 1718 816 1802 appellantur,
848 1718 1010 1782 hiantem
1039 1717 1138 1782 nostri

71 1834 94 1880 15
109 1814 250 1901 ignorare,
282 1821 337 1904 qui
364 1840 428 1885 non
459 1821 564 1886 minus
593 1841 687 1886 nosse
711 1821 859 1902 debeant,
889 1828 956 1885 tum
989 1817 1067 1884 illud
1090 1827 1139 1884 est

109 1918 387 2003 frequentissimum
410 1924 443 1989 in
467 1925 554 1990 omni
577 1924 806 1990 consuetudine
828 1927 880 1990 vel
903 1925 1056 1990 sermonis
1086 1925 1139 1988 vel

109 2025 215 2109 scripti,
238 2050 311 2093 oum
333 2027 451 2095 idoiroo
473 2028 595 2112 aliquid
617 2030 798 2114 ambigitur,
822 2028 906 2112 quod
928 2035 983 2094 aut
1005 2027 1138 2093 verbum

108 2135 157 2192 aut
177 2134 273 2197 verba
295 2133 360 2198 sint
375 2132 608 2217 praetermissa.
647 2134 761 2199 iterum
781 2141 889 2198 autem
904 2138 1049 2218 peooant,
1066 2152 1137 2197 oum
1158 2145 1207 2192 112

106 2252 199 2314 genus
212 2236 272 2302 hoo
293 2257 469 2318 causarum,
495 2235 579 2319 quod
601 2238 635 2301 in
658 2237 766 2321 scripti
788 2237 1048 2320 interpretatione
1071 2256 1138 2300 ver-

67 2351 93 2400 eo
108 2341 198 2420 satur,
220 2341 261 2404 ab
283 2341 346 2405 illis
369 2342 483 2422 oausis,
510 2342 684 2423 inquibus
714 2342 817 2423 qualis
843 2361 989 2426 quaeque
1016 2361 1067 2407 res
1098 2341 1139 2406 sit

105 2439 301 2528 disceptatur,-
338 2445 519 2529 seiungunt.
572 2466 729 2528 nusquam
760 2446 846 2510 enim
878 2452 944 2512 tam
978 2446 1139 2528 quaeritur

106 2547 191 2626 quale
213 2550 254 2615 sit
276 2569 379 2632 genus
401 2550 506 2634 ipsum
528 2550 574 2613 rei
598 2569 692 2632 quam
716 2549 748 2613 in
773 2550 899 2633 scripto,
931 2549 1015 2632 quod
1037 2556 1137 2616 totum

104 2669 123 2711 a
141 2651 215 2717 faeti
237 2655 455 2719 oontroversia
477 2661 658 2738 separatum
681 2658 738 2718 est.
783 2653 830 2717 ita
846 2655 906 2717 tria
922 2660 995 2719 sunt
1010 2654 1138 2718 omnino
1160 2668 1207 2714 113

105 2773 218 2835 genera
240 2778 322 2840 quae
344 2758 377 2822 in
401 2757 663 2844 disceptationem
691 2764 722 2822 et
746 2758 994 2823 controversiam
1024 2758 1138 2823 eadere
1199 2796 1215 2815 ⁴

62 2875 89 2925 as
105 2845 241 2938 possint:
264 2854 355 2944 ‘quid
376 2861 433 2927 fiat
455 2861 574 2927 faotum
596 2862 779 2926 futurumve
801 2857 852 2926 sit’
874 2868 930 2926 aut
957 2854 1064 2944 ‘quale
1087 2859 1138 2927 sit’

104 2969 156 3026 aut
177 2957 249 3046 ‘quo
271 2965 365 3031 modo
389 2960 588 3031 nominetur'.
634 2985 709 3029 nam
739 2964 774 3028 id
803 2964 932 3048 quidem
962 2965 1048 3048 quod
1075 2966 1139 3048 qui-

106 3063 176 3131 dam
197 3068 311 3134 Graeci
332 3069 523 3154 adiungunt,
546 3062 685 3134 ‘reotene
709 3067 828 3134 faotum
851 3065 914 3150 sit,³
936 3075 1036 3134 totum
1052 3070 1085 3132 in
1102 3089 1139 3134 eo

107 3177 150 3235 est
172 3164 275 3254 ‘quale
298 3170 358 3238 sit².
405 3175 463 3239 sed
484 3174 549 3238 iam
580 3173 622 3238 ad
651 3173 830 3238 institutum
859 3180 1000 3239 revertar
1022 3194 1137 3237 meum.
1162 3179 1197 3234 27

203 3276 282 3342 (lum
303 3278 400 3360 igitur
427 3284 564 3363 aooepta
594 3297 691 3343 causa
721 3283 753 3342 et
774 3298 892 3362 genere
924 3277 1049 3360 cognito
1072 3297 1139 3341 rem
1159 3287 1210 3335 114

64 3391 91 3440 ³0
106 3381 234 3445 traotare
257 3383 355 3466 coepi,
379 3382 459 3447 nihil
481 3382 568 3467 prius
591 3383 747 3447 constituo
770 3403 866 3464 quam
889 3380 965 3463 quid
987 3381 1029 3445 sit
1050 3379 1138 3460 illud,

107 3499 163 3561 quo
189 3485 267 3550 mihi
294 3487 335 3550 sit
361 3486 532 3551 referunda
558 3486 661 3552 omnis
687 3487 743 3551 illa
765 3486 874 3565 oratio,
899 3503 979 3565 quae
1008 3482 1048 3547 sit
1071 3502 1139 3565 pro

107 3585 172 3665 pria
192 3589 385 3670 quaestionis
402 3596 434 3654 et
448 3589 567 3654 iudioii.
611 3589 727 3654 deinde
750 3588 805 3652 illa
819 3587 881 3652 duo
896 3584 1139 3669 diligentissime

109 3691 276 3775 considero,
304 3714 435 3776 quorum
464 3693 599 3758 alterum
621 3690 926 3757 commendationem
948 3687 1046 3751 habet
1069 3707 1138 3753 nos

106 3795 178 3858 tram
203 3805 260 3865 aut
281 3819 388 3866 eorum
412 3817 491 3882 quos
514 3797 724 3875 defendimus,
748 3795 882 3858 alterum
897 3797 945 3856 est
960 3789 1139 3924 {deommo

949 3896 963 3943 7
