2836 4114
291 221 355 287 206
504 241 617 300 LIBER
629 240 680 298 ΙΙΙ.
705 244 787 300 ΟΑΡ.
803 244 914 300 34-35.
939 248 954 308 ᾖ
968 245 1113 300 138—141.

291 425 445 490 luntatem
467 422 712 489 Atheniensium
734 421 913 503 loqueretur
934 438 991 504 pro
1015 418 1116 484 salute
1138 419 1263 502 patriae
1288 439 1338 484 se-

290 529 406 612 verius,
429 535 536 594 tamen
562 528 596 593 id
619 527 732 611 ipsum,
756 524 840 608 quod
863 524 917 589 ille
939 522 1049 589 contra
1078 524 1248 609 populares
1281 523 1338 590 ho-

290 635 393 700 mines
415 633 545 715 diceret,
567 633 720 718 populare
743 631 889 696 omnibus
913 636 945 695 01
959 629 1132 695 iucundum
1152 629 1338 714 videretur;

291 740 380 804 cuius
402 738 437 803 in
459 739 556 804 labris
578 743 703 802 veteres
726 735 847 816 comici,
880 735 977 800 etiam
1007 755 1078 799 cum
1107 735 1154 799 illi
1181 735 1266 800 male
1292 735 1339 800 di-

291 848 408 924 cerent,
432 842 517 925 quod
540 848 606 906 tum
628 841 765 906 Athenis
781 839 849 904 fieri
865 840 992 921 licebat,
1008 839 1147 924 leporem
1167 839 1371 906 habitasses
1404 851 1405 856 ’

291 946 441 1016 dixerunt
463 953 648 1028 tantamque
679 945 713 1009 11
738 943 851 1009 eodem
874 943 939 1008 vim
962 944 1071 1026 fuisse,
1103 949 1138 1009 ut
1164 944 1337 1010 incorum

289 1051 449 1117 mentibus
473 1051 527 1133 qui
548 1050 712 1115 audissent
737 1049 827 1131 quasi
850 1048 976 1114 aculeos
999 1048 1152 1131 quosdam
1175 1049 1338 1133 relinque-

290 1163 345 1221 ret.
391 1162 424 1220 at
446 1155 539 1220 hunc.
553 1175 617 1220 non
640 1154 833 1220 declamator·
854 1153 952 1236 aliqui
981 1153 1024 1218 ad
1055 1152 1260 1238 clepsydram
1292 1157 1338 1220 la-

290 1265 373 1325 trare
385 1258 548 1340 doouerat,
558 1259 625 1341 sed,
641 1265 675 1324 ut
691 1258 881 1342 accepimus,
899 1257 1118 1324 Clazomenius
1132 1258 1187 1324 ille
1203 1260 1338 1325 Anaxa-

289 1385 381 1448 goras
404 1365 453 1430 vir
476 1384 616 1429 summus
638 1364 672 1428 in
694 1363 905 1427 maximarum
920 1383 1024 1428 rerum
1040 1364 1181 1428 scientia.
1219 1365 1338 1448 itaque
1358 1373 1387 1420 1⁰

289 1468 341 1533 hic
375 1467 517 1533 doctrina
547 1467 676 1534 consilio
707 1467 888 1549 eloquentia
913 1467 1083 1546 ,excellens
1116 1467 1338 1553 quadraginta

289 1573 381 1638 annis
403 1572 541 1658 praefuit
563 1571 697 1638 Athenis
721 1577 752 1636 et
774 1570 904 1636 urbanis
927 1570 1038 1636 eodem
1060 1577 1202 1657 tempore
1217 1579 1249 1638 et
1265 1574 1336 1639 bel-

222 1667 483 1742 1391101110111.
530 1675 606 1758 quid
628 1675 771 1742 Critias?
802 1674 878 1757 quid
907 1674 1115 1740 Alcibiades?
1146 1676 1336 1745 civitatibus

289 1781 416 1863 quidem
439 1781 589 1847 1111101
612 1780 697 1861 boni,
721 1779 778 1844 sed
801 1785 885 1844 certe
908 1777 992 1844 docti
1013 1786 1109 1862 atque
1132 1781 1333 1866 eloquentes,

288 1906 395 1951 nonne
429 1885 596 1951 Socraticis
630 1889 720 1949 erant
765 1881 1034 1967 disputationibus
1072 1883 1211 1950 eruditi?
1256 1889 1385 1968 quis15

288 1989 424 2055 Dionem
455 1989 657 2073 Syracosium
688 1987 838 2053 doctrinis
876 1989 1022 2054 omnibus
1049 1989 1226 2074 expolivit?
1262 2011 1334 2057 non

270 2095 402 2159 Plato?
425 2099 521 2176 atque
545 2113 616 2157 eum
639 2092 724 2157 idem
746 2092 800 2156 ille
829 2112 892 2156 non
922 2092 1051 2177 linguae
1082 2095 1191 2176 solum,
1204 2093 1333 2161 'verum

291 2198 386 2264 etiam
408 2197 508 2263 animi
530 2218 568 2262 ao
591 2197 716 2262 virtutis
739 2196 891 2280 magister
912 2197 954 2260 ad
977 2197 1175 2263 liberandam
1191 2199 1333 2284 patriam

288 2303 413 2388 impulit
441 2303 590 2367 instruxit
617 2302 761 2366 armavit.
814 2301 926 2366 aliisue
959 2301 1056 2386 igitur
1088 2303 1207 2368 artibus
1241 2303 1332 2370 11110

287 2407 423 2472 Dionem
445 2407 581 2472 instituit
602 2407 702 2488 Plato,
725 2407 797 2471 aliis
818 2407 973 2472 Isocrates
996 2407 1203 2472 clarissimum
1223 2408 1331 2474 virum
1352 2422 1384 2470 au

288 2510 487 2575 Timotheum
517 2509 656 2576 Cononis
689 2509 953 2594 praestantissimi
987 2510 1182 2594 imperatoris
1216 2511 1330 2596 lilium,

290 2634 446 2679 summum
469 2615 573 2698 ipsum
594 2613 818 2698 imperatorem
841 2613 1064 2697 hominemque
1087 2614 1332 2682 doctissimum?

287 2723 342 2783 aut
364 2717 435 2783 aliis
450 2716 662 2801 Pythagorius
677 2717 731 2782 ille
746 2719 841 2802 Lysis
856 2719 1044 2784 Thebanum
1060 2719 1329 2805 Epaminondam,

287 2820 372 2886 haud
403 2822 467 2887 1010
498 2843 539 2886 an
571 2841 727 2887 summum
757 2823 859 2887 virum
889 2844 987 2889 unum
1018 2825 1120 2890 omnis
1148 2824 1330 2891 Graeciae?

287 2933 343 2991 aut
364 2925 546 3011 Xenophon
568 2926 779 3011 Agesilaum?
810 2933 866 2992 aut
887 2928 1048 2994 Philolaus
1070 2928 1245 3012 Archytam
1268 2932 1330 2996 Ta·
1348 2943 1381 2990 aa

286 3031 470 3096 rentinum?
508 3038 563 3096 aut
596 3031 665 3117 ipsc
697 3033 899 3116 Pythagoras
933 3039 1032 3098 totam
1064 3033 1151 3098 illam
1184 3041 1329 3101 veterem

225 3187 262 3242 35
285 3137 397 3202 Italiae
425 3135 602 3218 Graeciam,
633 3157 715 3219 quae
747 3137 906 3220 quondam
936 3158 1054 3222 magna
1084 3138 1222 3204 vocitata
1252 3141 1328 3206 est?

218 3261 267 3310 140
286 3241 433 3325 equidem
455 3262 518 3306 non
540 3241 691 3322 arbitror3
726 3242 878 3308 11001111
901 3240 1004 3326 video,
1035 3263 1132 3307 unam
1164 3243 1327 3326 quandam

286 3347 425 3413 omnium
448 3367 562 3428 rerum,
586 3365 668 3428 quae
692 3352 800 3411 essent
830 3347 958 3413 homine
989 3347 1110 3413 erudito
1141 3346 1259 3432 dignae
1282 3356 1327 3414 at-

286 3470 347 3533 que
370 3471 407 3516 eo
431 3451 485 3534 qui
507 3451 541 3515 in
563 3471 598 3515 re
620 3450 748 3535 publica
771 3451 867 3516 vellet
891 3451 1056 3533 excellere,
1087 3451 1186 3518 fuisse
1212 3451 1326 3518 doetri-
1345 3462 1378 3510 30

285 3574 377 3638 nam3
408 3576 504 3637 quam
534 3556 588 3637 qui
618 3554 828 3638 accepissent,
859 3556 886 3620 si
909 3554 1013 3621 eidem
1040 3556 1169 3640 ingenio
1191 3555 1234 3621 ad
1256 3578 1326 3642 pro·

285 3657 496 3721 nuntiandum
518 3658 691 3723 valuissent
726 3663 758 3722 01
789 3677 824 3723 10
846 3657 888 3722 ad
919 3658 1087 3724 dicendum
1111 3679 1236 3743 quoque
1259 3681 1325 3727 non

217 3742 264 3789 141
284 3765 483 3843 repugnante
505 3765 620 3824 natura
641 3759 815 3843 dedissent,
833 3761 1012 3845 eloquentia
1026 3764 1232 3848 praestitisse.
1268 3767 1325 3832 ita-

285 3881 346 3942 que
368 3861 393 3896 1·
471 3861 476 3872 “
506 3861 511 3872 ’
537 3867 540 3872 ’
569 3864 643 3929 ‘eles
666 3885 738 3929 oum
760 3864 872 3930 florere
887 3867 1059 3932 Isocratem
1074 3867 1240 3935 nobilitate
1263 3869 1325 3936 dis·
