2836 4114
283 233 345 297 194
546 249 723 304 1111111111.
748 247 830 304 ose.
844 236 885 305 aa.
910 252 1049 314 sor-cs.

228 437 261 486 aa
280 424 392 490 influat
415 432 447 490 et
469 444 564 507 qnam
587 423 730 509 plurimis
753 423 794 488 sit
815 425 910 490 rebus
926 424 1087 489 instructa.
1132 425 1329 491 instrumen-

280 536 347 594 tum
369 535 475 596 autern
497 528 558 595 hoo
580 528 706 594 forense
728 528 901 612 litigiosum
923 549 996 594 aare
1019 535 1153 595 tractum
1176 551 1219 595 ex
1236 531 1329 614 volgi

283 633 483 718 opinionibus
507 633 659 716 exiguum
682 651 823 715 saneque
846 632 1027 698 mendicum
1050 639 1107 698 est.
1153 633 1233 698 illud
1260 655 1329 714 rur-

282 758 336 804 sus
357 739 471 823 ipsum,
496 736 580 820 quod
603 736 733 802 tradunt
762 737 815 802 isti
838 737 892 819 qui
915 737 1101 822 profitentur
1130 758 1166 804 se
1193 738 1327 805 dicendi

281 842 458 926 magistros,
481 861 546 906 non
568 841 701 905 multum
724 847 772 906 est
794 841 896 906 maius
920 861 1015 924 quam
1037 841 1115 906 illud
1136 843 1271 927 volgare
1286 854 1362 908 ao⁵

281 945 416 1011 forense.
461 951 617 1029 apparatu
640 945 732 1010 nobis
762 964 843 1029 opus
873 951 922 1010 111
954 951 985 1010 11
1018 946 1112 1011 rebus
1142 947 1324 1030 exquisitis,

282 1047 432 1131 undique
445 1049 594 1114 conlectis
616 1048 777 1114 arcessitis
801 1049 1021 1134 comportatis3
1044 1056 1079 1114 ut
1099 1049 1167 1131 tibi,
1192 1050 1324 1132 Caesar,

281 1151 463 1217 faciendum
486 1158 533 1218 est
555 1151 597 1217 ad
619 1172 756 1238 annum;
780 1158 815 1217 ut
839 1172 899 1236 ego
922 1152 956 1217 in
978 1152 1140 1218 aedilitate
1167 1153 1323 1237 laboravi,

280 1254 365 1338 quod
388 1254 554 1322 cotidianis
577 1262 609 1344 11
631 1256 809 1322 vernaculis
832 1258 927 1322 rebus
948 1257 1145 1323 satisfacere
1161 1279 1212 1323 me
1228 1279 1323 1343 posse

228 1370 261 1419 93
281 1359 355 1425 huic
383 1359 499 1444 populo
529 1380 593 1425 non
629 1362 788 1444 putabam.
802 1335 1005 1452 ffverborum
1038 1361 1258 1446 eligendorum
1292 1369 1378 1428 et10

282 1462 543 1529 conlocandorum
576 1470 607 1528 et
638 1449 926 1530 concludendorum
956 1465 1059 1531 facilis
1089 1471 1137 1531 est
1166 1467 1220 1531 vel
1242 1467 1323 1532 ratio

239 1603 241 1607 .
280 1569 332 1634 vel
354 1567 423 1633 sine
445 1569 567 1634 ratione
588 1567 660 1653 ipsa
675 1551 1018 1738 exercitatiosremm
1033 1575 1083 1635 111
1097 1569 1178 1634 silva
1192 1590 1321 1654 magna,

283 1693 379 1755 quam
401 1692 473 1737 cum
496 1672 608 1739 Graeci
631 1673 695 1737 iam
718 1693 781 1738 non
804 1679 858 1738 ten
895 1680 950 1758 ent
971 1674 1011 1740 ob
1035 1693 1169 1756 eamque
1191 1693 1322 1740 oausam

279 1777 428 1843 iuventus
450 1783 559 1842 nostra
581 1776 758 1842 dedisceret
780 1797 882 1861 paene
905 1776 1067 1859 discendo,
1091 1778 1187 1843 etiam
1202 1777 1320 1859 Latini,

280 1881 307 1945 si
330 1880 379 1948 dis
406 1881 519 1966 placet,
551 1881 612 1946 hoc
641 1881 770 1946 biennio
802 1880 948 1965 magistri
978 1880 1105 1946 dicendi
1135 1882 1318 1948 extiterunt.
1342 1893 1376 1942 15

282 2005 359 2067 quos
389 2006 449 2070 ego
480 2005 591 2051 censor
621 1984 724 2050 edicto
753 2005 823 2051 meo
859 1985 1056 2067 sustuleram,
1090 2005 1155 2050 non
1181 2005 1254 2069 quo,
1285 1993 1321 2051 ut

280 2090 387 2154 nescio
410 2109 488 2171 quos
511 2088 616 2154 dicere
638 2088 776 2169 aiebant,
808 2089 880 2153 aeui
908 2081 1043 2172 ingenia'
1068 2088 1320 2155 adulescentium

280 2193 405 2274 nollem,
436 2191 494 2257 sed
525 2199 636 2258 contra
665 2192 796 2278 ingenia
826 2192 960 2257 obtundi
989 2193 1084 2274 nolui,
1119 2193 1320 2260 conroborari

227 2305 261 2354 94
279 2296 518 2381 impudentiam.
564 2317 639 2362 nam
673 2296 759 2382 apud
794 2296 940 2378 Graecos,
975 2296 1164 2364 cuicuimodi
1202 2305 1319 2380 essent,

278 2399 428 2465 videbam
450 2406 558 2466 tamen
581 2420 650 2466 esse
677 2407 802 2485 praeter
817 2400 900 2465 hanc
916 2401 1175 2466 exercitationem
1190 2401 1320 2486 linguae
1339 2413 1373 2461 ac

279 2502 454 2567 doctrinam
481 2504 620 2587 aliquam
642 2510 676 2569 11
696 2503 894 2570 humanitate
909 2503 1041 2587 dignam
1056 2504 1237 2590 soientiam;
1261 2505 1320 2572 hos

281 2596 356 2672 vero
383 2627 483 2672 novos
511 2607 680 2691 magistros
714 2608 793 2673 nihil
820 2609 1046 2692 intellegebam
1079 2629 1172 2693 posse
1204 2608 1319 2676 dooere

281 2711 343 2776 nisi
365 2717 400 2775 ut
421 2709 596 2795 auderent;
621 2711 705 2794 quod
728 2712 824 2778 etiam
848 2733 919 2777 oum
941 2712 1033 2779 bonis
1055 2714 1150 2779 rebus
1172 2713 1319 2780 coniunc-

278 2822 344 2879 tum
378 2834 434 2898 per
464 2835 499 2880 se
528 2816 633 2900 ipsum
663 2823 711 2882 est
744 2836 860 2900 magno
888 2836 983 2901 opere
1016 2815 1212 2900 fugiendum.
1259 2817 1319 2884 hoc

279 2939 350 2983 oum
373 2939 471 2984 unum
493 2920 669 2986 traderetur
699 2927 730 2986 et
761 2941 832 2986 cum
856 2919 1074 3005 impudentiae
1102 2919 1195 2986 ludus
1223 2929 1391 3008 1111111

226 3031 259 3082 95
280 3023 389 3107 putavi
402 3042 472 3088 esse
485 3024 623 3090 censoris
634 3045 676 3090 ne
687 3025 814 3110 longius
825 3023 858 3089 id
871 3031 1011 3109 serperet
1021 3024 1197 3110 providere.
1211 3045 1317 3108 quarn-

280 3147 375 3211 quam
397 3148 461 3192 non
483 3128 563 3193 haee
592 3129 637 3194 ita
659 3136 762 3195 statuo
792 3136 888 3212 atque
911 3128 1056 3210 decerno,
1087 3135 1122 3194 ut
1151 3127 1317 3213 desperem

278 3233 392 3298 Latine
426 3251 464 3296 ea
501 3231 541 3297 de
575 3232 688 3315 quibus
722 3232 952 3317 disputavimus
986 3232 1068 3297 tradi
1101 3253 1140 3297 ae
1169 3234 1317 3318 perpoliri

274 3357 374 3418 posse.
420 3337 539 3421 patitur
568 3336 654 3402 enirn
683 3343 715 3402 11
744 3337 853 3421 lingua
875 3343 983 3402 nostra
1013 3342 1045 3401 et
1072 3343 1187 3401 natura
1213 3357 1315 3403 rerum

278 3446 418 3505 veterem
440 3440 527 3504 illam
550 3440 822 3524 excellentemque
844 3439 1046 3524 prudentiam
1069 3442 1261 3507 Graecorum
1275 3442 1315 3507 ad
1333 3451 1363 3500 ³0
1392 3441 1395 3444 ’

278 3548 419 3607 nostrum
441 3562 532 3606 usum
560 3561 744 3626 moremque
766 3541 947 3628 transferri,
970 3543 1028 3609 sed
1043 3543 1224 3610 hominibus
1239 3566 1315 3630 opus

279 3650 328 3709 est
350 3644 490 3726 eruditis,
513 3645 567 3727 qui
590 3644 695 3710 adhuc
710 3646 743 3710 in
759 3645 819 3711 hoo
842 3645 971 3728 quidem
992 3666 1111 3731 genere
1126 3648 1225 3713 nostri
1239 3650 1314 3714 nulli

278 3745 421 3830 fuerunt,
445 3746 494 3811 sin
518 3747 645 3830 quando
669 3748 840 3830 extiterint,
865 3749 961 3814 etiam
977 3749 1106 3816 Graecis
1122 3756 1213 3816 erunt
1232 3760 1314 3820 ante·

278 3847 415 3930 ponendi
