2836 4114
312 264 425 318 LIBER
437 263 488 318 111.
513 263 596 319 cAP.
610 265 722 320 35-36.
745 267 761 328 ξ
775 266 919 320 141-144.
1070 246 1133 311 2οἵ

93 439 269 524 cipulorum
291 436 424 518 videret,
448 438 532 521 quod
554 438 606 504 ille
629 457 704 504 suas
728 436 958 522 disputationes
987 458 1008 503 a
1030 438 1135 504 causis

91 543 272 609 forensibus
303 549 336 607 et
366 543 512 609 civilibus
540 541 583 608 ad
606 541 734 608 inanem
765 544 919 608 sermonis
942 543 1134 628 elegantiam

92 648 316 729 transtulisset,
339 648 475 712 mutavit
496 653 628 732 repente
650 653 750 713 totam
771 646 907 712 formam
929 668 1028 733 prope
1044 647 1134 713 disci-

92 752 199 837 plinae
224 771 302 818 suae
324 771 514 834 versumque
536 750 697 834 quendam
719 750 916 817 Philoctetae
931 751 1026 837 paulo
1042 771 1134 818 secus

11 879 12 894 ¹
59 856 188 948 edixit:
212 856 267 921 ille
291 855 377 921 enim
400 860 509 941 ‘turpe‘
533 855 595 922 sibi
618 856 663 920 ait
686 859 766 922 ‘esse
789 862 904 937 tacere,
929 875 1001 921 cum
1023 855 1134 922 barba·

90 965 162 1044 ros',
185 960 239 1026 hic
254 967 371 1042 autem,
396 966 477 1026 ‘cum
492 963 664 1026 Isocratem
679 966 841 1045 pateretur
856 959 981 1025 dicere’.
1026 959 1134 1041 itaque

93 1067 219 1132 ornavit
243 1070 275 1131 et
297 1066 477 1132 inlustravit
500 1064 677 1132 doctrinam
699 1065 787 1130 illam
818 1086 944 1131 omnem
966 1083 1135 1147 rerumque

92 1171 309 1254 cognitionem
332 1189 404 1235 cum
427 1170 577 1236 orationis
606 1170 835 1235 exercitatione
863 1169 1036 1235 coniunxit.
1082 1189 1134 1234 ne-

92 1295 154 1357 que
188 1295 264 1340 vero
299 1273 359 1340 hoc
389 1273 471 1358 fugit
505 1274 773 1360 sapientissimum
806 1293 914 1359 regem
941 1273 1133 1358 Philippum,

46 1390 76 1438 10
93 1379 146 1462 qui
169 1379 257 1444 hunc
278 1377 463 1444 Alexandro
485 1377 550 1446 filio
566 1378 726 1444 doctorem
741 1379 879 1460 accient,
902 1398 922 1442 a
944 1397 1007 1460 quo
1023 1377 1135 1443 eodem

91 1484 144 1550 ille
168 1489 201 1550 et
224 1481 344 1566 agendi
372 1483 532 1568 acciperet
561 1489 733 1567 praecepta
763 1489 794 1548 et
825 1481 1003 1566 eloquendi.
1049 1489 1202 1547 nun0142

91 1587 160 1654 sive
183 1587 239 1669 qui
261 1586 356 1668 volet,
380 1607 451 1652 eum
473 1585 705 1671 philosophum,
736 1587 790 1669 qui
814 1587 937 1670 copiam
967 1586 1059 1652 nobis
1088 1605 1133 1650 re-

89 1711 160 1780 rum
198 1688 413 1772 orationisque
449 1689 571 1772 tradat,
615 1710 672 1774 per
709 1709 761 1754 me
798 1691 938 1775 appellet
978 1695 1134 1754 oratorem

90 1796 180 1881 licet3
220 1794 289 1861 sive
333 1793 417 1860 hunc
457 1801 632 1875 oratorem,
673 1814 768 1876 quem
807 1815 866 1880 ego
904 1792 975 1858 dico
1012 1792 1133 1877 sapien·

48 1909 75 1956 15
91 1900 170 1965 tiam
208 1899 350 1963 iunctam
392 1897 511 1965 habere
556 1898 770 1980 eloquentiae,
817 1897 1040 1986 philosophum
1080 1917 1134 1981 ap·

90 2003 212 2088 pellere
245 2001 352 2083 malet,
389 2023 452 2067 non
491 2001 679 2087 impediam;
725 2001 801 2067 dum
840 2000 933 2067 modo
969 2000 1030 2066 hoc
1064 2021 1134 2066 con·

90 2113 171 2188 stet,
210 2125 316 2188 neque
350 2105 519 2171 infantiam
557 2105 625 2171 cius
663 2106 718 2189 qui
746 2128 814 2174 rem
845 2107 944 2188 norit,
976 2105 1033 2172 sed
1063 2126 1134 2171 eam

91 2211 256 2296 explicare
283 2207 418 2276 dicendo
447 2231 512 2276 non
542 2216 648 2292 queat,
679 2230 783 2292 neque
817 2211 1018 2277 inscientiam
1050 2209 1133 2274 illius

92 2315 143 2380 oui
165 2334 217 2380 res
240 2334 306 2379 non
328 2319 487 2398 suppetat,
510 2314 610 2379 verba
632 2335 697 2380 non
713 2310 827 2398 desint,
844 2334 914 2380 esse
930 2312 1131 2379 laudandam.

46 2428 74 2477 20
92 2439 227 2501 quorum
250 2418 278 2483 si
299 2417 432 2483 alterum
463 2418 504 2484 sit
526 2417 712 2503 optandum,
743 2421 852 2485 malim
882 2417 1029 2501 equidem
1055 2417 1134 2482 indi-

92 2529 211 2588 sertam
232 2520 434 2606 prudentiam
456 2542 552 2604 quam
574 2523 739 2588 stultitiam
762 2525 943 2608 loquacem3
968 2523 1017 2588 sin
1040 2528 1202 2605 quae-14³

91 2626 190 2692 rimus
221 2623 297 2708 quid
327 2646 425 2690 unum
459 2626 596 2692 excellat
630 2647 671 2692 ex
705 2609 862 2708 omnibus,
894 2626 987 2691 docto
1018 2626 1134 2694 oratori

93 2731 200 2815 palma
225 2728 332 2794 danda
355 2737 411 2796 est.
459 2750 553 2812 quem
576 2732 603 2798 si
618 2731 783 2816 patiuntur
799 2730 935 2797 eundem
952 2751 1023 2798 esse
1037 2729 1135 2816 philo-

93 2835 239 2920 sophum,
264 2833 389 2899 sublata
412 2836 626 2902 controversia
648 2840 712 2920 est3
737 2837 787 2902 sin
812 2855 866 2902 eos
883 2835 1058 2921 diiungent,
1073 2834 1134 2900 hoc

11 2925 12 2932 ἵ
48 2947 77 2995 25
95 2945 187 3004 emnt
209 2936 385 3019 inferiores,
417 2936 501 3020 quod
531 2938 564 3004 in
588 2944 712 3005 oratore
735 2940 876 3024 perfecto
905 2939 989 3006 inest
1010 2938 1134 3004 illorum

93 3043 196 3108 omnis
219 3041 363 3123 scientia,
386 3042 420 3108 in
442 3040 702 3130 philosophorum
724 3051 831 3109 autem
862 3043 1043 3126 cognitione
1069 3062 1133 3107 non

93 3147 243 3212 continuo
266 3145 350 3212 inest
373 3146 570 3233 eloquentia3
594 3166 676 3230 quae
699 3166 893 3230 quamquam
916 3151 1135 3212 contemnatur

92 3251 133 3316 ab
157 3251 214 3332 eis,
237 3269 368 3316 necesse
391 3254 570 3317 esttamen
592 3251 730 3333 aliquem
755 3250 912 3317 cumulum
943 3250 1065 3315 illorum
1088 3266 1134 3311 ar-

93 3354 177 3422 tibus
200 3352 325 3419 adferre
347 3353 513 3418 videatur.'
559 3355 639 3421 haec
663 3374 735 3419 cum
758 3356 890 3422 Crassus
914 3350 1058 3432 dixisset,
1081 3371 1133 3436 pa-

48 3465 77 3515 30
93 3479 220 3543 rumper
242 3464 273 3522 et
296 3458 365 3543 ipse
388 3456 539 3525 conticuit
562 3465 594 3525 et
615 3479 636 3523 a
658 3461 771 3525 ceteris
795 3455 954 3524 silentium
976 3455 1044 3521 fuit.
1155 3527 1193 3582 36

194 3564 277 3627 Tum
300 3563 392 3629 Cotta
416 3561 584 3642 ‘equidem'
615 3563 719 3645 inquit
742 3564 874 3640 ‘Crasse
905 3580 970 3626 non
1005 3580 1134 3644 possum
1152 3602 1203 3650 144

94 3666 189 3748 queri¹
205 3664 291 3748 quod
313 3664 390 3731 mihi
414 3661 545 3734 videare
566 3665 654 3733 aliud
677 3658 829 3748 quiddam
851 3670 883 3727 et
906 3685 970 3730 non
993 3663 1026 3728 id
1049 3663 1133 3746 quod

95 3770 271 3854 susceperis
293 3769 492 3854 disputasse3
516 3773 589 3858 plus
611 3770 697 3836 enim
713 3771 873 3852 aliquanto
888 3768 1022 3836 attulisti
1038 3790 1134 3852 quam

94 3875 151 3940 tibi
173 3879 243 3938 erat
264 3874 450 3939 attributum
472 3892 493 3937 a
515 3875 608 3942 nobis
633 3872 681 3960 [ao
696 3871 938 3961 denuntiatuml.
977 3873 1034 3940 sed
1050 3880 1134 3940 certe
