2866 4110
357 209 469 262 111111
487 210 509 263 1.
540 210 621 264 one.
636 214 747 266 25-26.
778 215 956 275 sin-121.
1132 198 1174 261 29

129 383 259 448 dicendi
284 380 389 447 studio
418 382 603 448 deterream.
649 385 719 465 quis
743 385 826 448 enim
849 406 913 450 non
936 385 1023 450 videt
1046 387 1174 452 (1011-

128 487 179 568 lio,
195 485 328 568 aequali
342 506 423 568 meo,
440 507 557 571 magno
580 487 691 552 honori
713 487 821 570 fuisse,
837 489 958 553 homini
979 510 1072 570 novo,
1087 491 1176 554 illam

131 591 236 675 ipsam
264 610 498 672 quamcumque
526 590 660 673 adsequi
688 593 825 677 potuerit
846 593 880 656 in
902 591 1037 658 dicendo
1060 593 1175 658 medio-

132 694 303 759 critatem?
349 694 419 775 quis
449 701 590 759 vestrum
619 696 785 776 aequalem
815 694 852 770 Q.
879 696 1019 776 Varium,
1050 703 1176 762 vastum

99 811 114 859 5
131 798 295 863 hominem
319 803 415 879 atque
438 797 576 878 foedum,
593 818 656 862 non
679 798 835 882 intellegit
856 799 910 863 illa
931 800 1003 884 ipsa
1024 798 1175 864 facultate

132 921 368 983 quamcumque
397 900 509 965 habuit
538 921 689 984 maguam
719 923 789 967 esse
819 904 853 967 in
883 903 1011 968 civitate
1041 903 1176 987 gratiam

133 1004 364 1070 consecutum?
402 1003 460 1068 sed
483 1003 621 1085 quiade
648 1013 770 1070 oratore
794 1007 983 1088 quaerimus,
1007 1007 1176 1091 fingendus
1196 985 1245 1107 1²ss

133 1115 182 1173 est
203 1108 299 1172 nobis
321 1108 463 1173 oratione
487 1115 595 1174 nostra
621 1108 769 1174 detractis
796 1111 942 1176 omnibus
965 1111 1051 1176 vitiis
1074 1119 1177 1176 orator

132 1217 229 1293 atque
253 1210 341 1275 omni
363 1210 457 1276 laude
482 1211 668 1277 cumulatus.
715 1233 819 1294 neque
842 1213 936 1295 euim,
961 1214 987 1278 si
1011 1213 1177 1280 multitudo

82 1329 115 1376 11
133 1315 246 1395 litium,
271 1315 299 1379 si
326 1314 465 1380 varietas
493 1335 667 1396 causarum,
692 1317 719 1381 si
744 1316 825 1381 haec
852 1319 945 1383 turba
972 1323 1004 1381 11
1029 1318 1178 1383 barbaria

134 1419 271 1484 forensis
302 1416 357 1482 dat
386 1420 489 1484 locum
519 1421 572 1484 vel
601 1420 812 1486 vitiosissimis
842 1423 1030 1502 oratoribus,
1061 1421 1177 1488 idcirco

134 1543 193 1587 nos
215 1523 269 1587 hic
293 1522 378 1604 quod
400 1524 579 1605 quaerimus
603 1525 790 1590 omittemus.
829 1525 937 1607 itaque
952 1526 986 1589 in
1001 1525 1041 1590 iis
1056 1527 1178 1592 artibus

135 1627 169 1690 in
200 1626 317 1708 quibus
347 1647 410 1691 non
442 1627 560 1692 utilitas
591 1629 750 1709 quaeritur
779 1631 969 1710 necessaria,
993 1628 1050 1694 sed
1079 1631 1178 1695 animi

134 1729 236 1794 libera
252 1729 410 1810 quaedam
431 1730 610 1812 oblectatio,
627 1752 721 1814 quam
737 1732 907 1814 diligenter
923 1739 954 1797 et
969 1752 1064 1813 quam
1079 1753 1178 1818 prope

84 1846 117 1892 11
138 1833 304 1898 fastidiose
334 1832 530 1898 iudicamus!
573 1823 679 1899 nullae
710 1836 794 1900 enim
823 1836 894 1899 lites
924 1854 1027 1915 neque
1058 1842 1178 1900 contro-

137 1938 262 2002 versiae
283 1943 358 2001 sunt
381 1958 461 2018 quae
485 1944 602 2022 cogant
624 1938 769 2004 homines
791 1939 871 2002 sicut
892 1937 926 2000 in
949 1936 1016 2001 foro
1039 1958 1103 2001 non
1125 1940 1178 2004 bo

137 2060 194 2106 nos
217 2040 456 2110 oratoresitem
479 2041 514 2105 in
536 2041 659 2107 theatro
682 2049 803 2106 actores
830 2040 929 2104 malos
952 2040 1083 2124 perpeti.
1130 2048 1246 2110 111111

138 2139 233 2226 igitur
260 2144 376 2208 oratori
402 2144 572 2228 diligenter
599 2145 840 2229 providendum,
863 2165 928 2209 non
955 2145 1001 2209 uti
1028 2145 1074 2210 eis
1101 2146 1178 2210 satis

138 2247 235 2311 faciat
265 2247 381 2328 quibus
411 2268 543 2314 necesse
574 2256 629 2329 est,
654 2248 711 2314 sed
741 2249 787 2313 uti
817 2249 867 2314 his
889 2248 1084 2313 admirabilis
1108 2269 1178 2314 esse

86 2361 120 2408 20
139 2349 284 2414 videatur
310 2349 426 2431 quibus
454 2351 553 2416 libere
578 2350 672 2416 liceat
698 2351 847 2416 iudicare.
892 2371 940 2432 ac,
964 2352 991 2418 si
1018 2352 1177 2435 quaeritis

138 2454 231 2536 plane
254 2453 331 2536 quid
359 2453 495 2518 sentiam
523 2454 694 2519 enuntiabo
721 2454 807 2539 apud
833 2455 978 2521 homines
1003 2455 1179 2520 familiaris-

138 2557 242 2638 simos,
274 2556 360 2638 quod
389 2555 493 2622 adhuc
528 2577 652 2640 semper
682 2559 767 2622 tacui
797 2565 829 2623 11
859 2557 1029 2624 tacendum
1058 2559 1177 2642 putavi.

139 2659 224 2740 mihi,
248 2661 345 2724 etiam
368 2661 422 2741 qui
445 2661 563 2745 optime
586 2659 695 2726 dicunt
718 2662 835 2744 quique
856 2659 889 2726 id
911 2662 1060 2727 facillime
1083 2667 1179 2742 atque

139 2764 338 2829 ornatissime
360 2763 466 2829 facere
489 2770 631 2849 possunt,
655 2771 773 2846 tamen,
792 2765 855 2830 nisi
878 2764 988 2828 timide
1010 2763 1052 2828 ad
1075 2764 1179 2830 dioen-

87 2875 121 2923 25
140 2865 214 2930 dum
232 2865 389 2931 accedunt
409 2873 441 2931 et
456 2867 490 2930 in
505 2866 657 2932 ordienda
672 2868 813 2932 oratione
829 2869 1061 2951 perturbantur,
1076 2888 1179 2950 paene

139 2968 340 3052 impudentes
361 2968 511 3034 videntur
533 3007 576 3016 —
599 2971 726 3037 tametsi
747 2970 781 3034 id
803 2970 948 3036 accidere
970 2991 1034 3036 non
1049 2976 1178 3055 -potest;

140 3078 175 3136 ut
197 3074 281 3138 enim
305 3073 438 3155 quisque
464 3073 582 3158 optime
604 3073 690 3156 dicit,
714 3074 760 3138 ita
786 3074 927 3138 maxime
950 3074 1077 3140 dicendi
1099 3073 1179 3138 disti·
1198 3092 1248 3141 120

141 3176 287 3243 cultatem
319 3177 487 3258 variosque
518 3184 652 3244 eventus
681 3177 831 3243 orationis
862 3178 1179 3260 expectationemque

140 3276 300 3344 hominum
324 3280 518 3363 pertimescit
537 3293 595 3346 '—.
632 3282 685 3363 qui
707 3301 783 3346 vero
805 3280 884 3344 nihil
914 3287 1017 3364 potest
1047 3279 1179 3363 dignum

91 3389 125 3438 30
142 3400 185 3461 11,
211 3381 344 3466 dignum
373 3383 516 3448 nomine·
533 3385 673 3466 oratoris,
698 3384 830 3466 dignum
858 3383 1021 3448 hominum
1050 3383 1180 3448 auribus

143 3482 266 3550 efficere
289 3492 386 3568 atque
408 3486 513 3568 edere,
537 3487 565 3551 is
587 3487 675 3571 mihi,
697 3487 821 3553 etiamsi
838 3475 1057 3552 ¹commovetur
1079 3485 1112 3548 in
1135 3485 1180 3550 di-

143 3587 250 3670 cendo,
266 3595 374 3654 tamen
397 3588 566 3673 impudens
588 3590 729 3674 videtur3
753 3610 816 3654 non
840 3587 924 3652 enim
948 3585 1106 3672 pudendo,
1123 3587 1180 3654 sed

143 3710 204 3755 non
225 3691 372 3758 faciendo
395 3692 428 3757 id
445 3693 530 3775 quod
548 3716 612 3759 non
629 3692 721 3758 decet
740 3691 957 3775 impudentiae
972 3710 1088 3755 nomen
1105 3693 1178 3756 effu-

143 3812 215 3876 gere
244 3795 408 3862 debemus.
456 3816 550 3878 quem
579 3817 655 3862 vero
684 3815 748 3860 non
777 3793 875 3875 pudet
900 3829 939 3838 —
967 3791 1000 3855 id
1031 3793 1117 3872 quod
1146 3794 1179 3857 in
1198 3811 1236 3858 11·
