2866 4110
295 175 317 238 4
540 192 652 246 LIBER
671 192 699 290 1.¹
728 192 902 246 unes-4.
938 198 953 256 s
973 195 1082 248 12-16.

293 374 390 450 atquc
418 370 451 432 in
478 369 640 460 hominum
663 389 750 433 more
773 375 805 433 et
827 386 973 434 sermone
996 373 1148 449 versatur,
1171 375 1206 432 ut
1229 368 1262 432 in
1286 390 1333 454 cei

292 472 368 538 teris
391 471 425 536 id
447 472 587 536 maxime
609 471 745 536 excellat
767 470 853 553 quod
875 459 1059 560 longissime
1082 472 1123 536 sit
1144 473 1186 538 ab
1209 473 1331 556 imperi·
1408 463 1409 474 ’

293 582 394 642 torum
409 575 628 660 intellegentia
646 595 804 658 sensuque
822 574 1007 656 diiunctum,
1023 575 1057 639 in
1073 574 1211 640 dicundo
1226 584 1330 642 autern

292 679 405 745 vitium
420 679 472 744 vel
487 680 661 744 maximum
677 679 718 744 sit
739 700 760 744 a
781 679 903 763 volgari
925 699 1042 763 genere
1064 679 1214 744 orationis
1234 687 1331 762 atque

199 823 201 827 -
243 836 273 883 13
292 804 313 847 a
336 781 563 848 consuetudine
586 783 760 848 communis
783 803 895 848 sensus
917 782 1095 848 abhorrere.
1131 803 1169 848 ac
1191 803 1233 848 ne
1255 783 1366 850 illudo
1408 793 1409 798 ’

292 885 420 968 quidem
443 905 518 950 vere
542 885 604 950 dici
627 891 740 970 potest,
764 892 818 950 aut
840 886 947 971 pluris·
962 887 1075 952 ceteris
1097 887 1249 952 inservire
1277 894 1331 952 aut

292 989 409 1054 maiore
430 988 638 1054 delectatione
658 996 713 1054 aut
733 1009 789 1073 spe
801 990 953 1055 uberiore
972 998 1028 1055 aut
1042 991 1192 1075 praemiis
1207 990 1250 1055 ad
1264 1011 1331 1075 per-

291 1091 478 1158 discendum
508 1093 714 1176 amplioribus
744 1094 945 1159 commoveri.
998 1101 1094 1176 atque
1123 1101 1158 1159 ut
1188 1095 1329 1161 omittam

293 1196 470 1276 Graeciam,
486 1216 568 1278 quae
591 1216 715 1280 semper
737 1197 936 1279 eloquentiae
958 1197 1107 1282 princeps
1130 1217 1200 1263 esse
1222 1199 1330 1280 voluit,

292 1307 388 1382 atque
410 1300 481 1364 illas
503 1300 643 1364 omnium
667 1300 879 1365 doctrinarum
906 1301 1099 1366 inventrices
1121 1301 1274 1382 Athenas,
1298 1304 1330 1367 in
1352 1321 1385 1368 ro

293 1404 407 1485 quibus
430 1423 553 1468 summa
575 1402 703 1468 dicendi
718 1404 767 1468 vis
784 1410 815 1468 et
837 1404 969 1468 inventa
992 1410 1040 1469 cst
1063 1410 1094 1468 et
1116 1391 1273 1487 perfecta:
1297 1405 1330 1494 in

292 1507 353 1572 hac
382 1507 453 1591 ipsa
484 1507 612 1572 civitate
641 1505 782 1591 profecto
812 1507 898 1571 nulla
931 1526 1081 1588 umquam
1112 1507 1332 1573 vehementius
1410 1507 1411 1512 ’

243 1630 275 1677 11
294 1631 389 1692 quam
409 1610 608 1692 eloquentiae
627 1609 732 1675 studia
746 1609 924 1692 viguerunt.
963 1631 1038 1674 nam
1053 1617 1259 1693 posteaquam
1277 1612 1332 1675 im·

291 1714 379 1797 perio
395 1715 535 1779 omnium
553 1713 696 1799 gentium
719 1713 887 1779 constituto
910 1712 1100 1778 diuturnitas
1122 1714 1212 1797 pacis
1233 1714 1332 1779 otium

293 1817 499 1899 confirmavit,
530 1838 623 1883 nemo
653 1817 720 1882 lere
749 1815 853 1882 laudis
883 1815 1016 1901 cupidus
1045 1815 1232 1882 adulescens
1266 1838 1330 1882 non
1353 1837 1385 1884 11

293 1922 354 1987 sibi
384 1921 427 1986 ad
457 1920 625 1988 dicendum
653 1921 756 1987 studio
786 1920 871 1986 omni
900 1920 1084 1986 enitendum
1113 1921 1245 2004 putavit.
1292 1941 1331 1985 ac

292 2026 394 2109 primo
417 2025 544 2107 quidem
567 2026 662 2091 totius
684 2026 817 2092 rationis
839 2026 952 2110 ignari,
974 2025 1028 2107 qui
1050 2044 1154 2106 neque
1177 2024 1329 2089 exercita-

291 2129 385 2194 tionis
415 2128 512 2192 ullam
535 2129 600 2193 vim
630 2149 734 2212 neque
763 2130 893 2212 aliquod
922 2134 1126 2213 praeceptum
1153 2128 1229 2192 artis
1260 2148 1331 2192 csse

291 2232 527 2312 arbitrarentur,
544 2237 667 2296 tantum
683 2239 836 2314 quantum
859 2232 987 2314 ingenio
1010 2236 1042 2294 et
1064 2229 1254 2312 cogitatione
1276 2251 1331 2313 po·
1410 2291 1412 2300 ,

291 2341 395 2398 terant
429 2336 718 2418 consequebantur;
753 2341 824 2418 post
854 2340 975 2413 autem,
1006 2331 1123 2397 auditis
1153 2332 1329 2399 oratoribus
1350 2351 1386 2400 20

291 2437 421 2502 Graecis
451 2437 648 2520 cognitisque
678 2456 785 2502 eorum
815 2435 926 2500 litteris
956 2434 1171 2517 adhibitisque
1197 2434 1330 2502 doctori-

291 2542 359 2621 bus,
384 2539 561 2605 incredibili
587 2537 724 2622 quodam
752 2538 851 2603 nostri
878 2538 1021 2604 homines
1051 2537 1195 2604 discendi
1225 2541 1329 2607 studio

241 2665 271 2711 ro
290 2643 513 2727 flagraverunt.
539 2643 699 2708 excitabat
715 2661 769 2707 eos
784 2641 969 2726 magnitudo
992 2642 1130 2708 varietas
1152 2644 1330 2709 multitudo-

290 2767 352 2829 que
382 2748 415 2812 in
446 2747 532 2812 omni
561 2766 679 2831 genere
710 2763 889 2826 causarum,
919 2753 955 2810 ut
983 2745 1026 2810 ad
1054 2766 1124 2811 eam
1152 2747 1329 2813 doctrinam

290 2871 385 2934 quam
416 2871 472 2917 suo
503 2851 636 2933 quisque
666 2848 770 2914 studio
799 2848 967 2915 adsecutus
995 2856 1079 2915 esset
1104 2849 1332 2934 adiungeretur·
1351 2871 1387 2918 25

289 2975 365 3020 usus
391 2955 551 3038 frequens,
574 2953 629 3036 qui
658 2953 798 3017 omnium
827 2954 1050 3037 magistrorum
1080 2959 1251 3038 praecepta
1281 2974 1331 3019 su-

290 3065 424 3142 peraret.
472 3064 561 3123 erant
590 3063 697 3122 autem
727 3056 800 3121 huic
830 3056 935 3122 studio
965 3057 1115 3138 maxima,
1140 3077 1221 3139 quae
1243 3077 1330 3123 nunc

290 3181 414 3244 quoque
445 3167 527 3242 sunt,
552 3159 698 3244 exposita
726 3160 868 3244 praemia
899 3161 950 3225 vel
979 3160 1021 3225 ad
1048 3161 1183 3244 gratiam
1209 3160 1260 3225 vel
1286 3161 1332 3226 ad

289 3284 366 3348 opes
392 3265 443 3329 vol
469 3264 518 3329 ad·
537 3263 744 3348 dignitatem
775 3263 904 3348 ingenia
926 3284 1011 3344 vero,
1039 3269 1074 3328 ut
1100 3263 1206 3328 multis
1233 3266 1331 3330 rebus

288 3387 455 3452 possumus
480 3367 630 3450 iudicare,
654 3375 830 3433 nostrorum
860 3367 1023 3433 hominum
1053 3367 1186 3431 multum
1215 3368 1330 3433 ceteris
1351 3387 1387 3434 30

241 3490 271 3538 ro
289 3470 470 3538 hominibus
503 3473 642 3538 omnium
675 3471 818 3556 gentium
853 3470 1087 3555 praestiterunt.
1138 3458 1254 3550 q‘uibus
1289 3471 1331 3535 de

289 3574 393 3640 causis
417 3576 487 3658 quis
509 3597 573 3641 non
595 3576 663 3641 iure
685 3576 814 3641 miretur
837 3594 878 3639 ex
901 3573 986 3638 omni
1008 3570 1160 3637 memoria
1186 3577 1330 3638 aetatum

289 3686 464 3763 temporum
497 3681 660 3746 civitatum
689 3686 755 3745 tam
786 3679 938 3762 exiguum
969 3681 1126 3740 oratorum
1160 3695 1330 3741 numerum

289 3782 452 3848 inveniri?
491 3775 523 3898 s
