2866 4110
350 151 462 204 LIBER
480 152 502 204 Ι.
539 153 622 206 CAP.
638 156 748 208 11—12.
785 157 799 216 ἓ
817 155 929 208 48-51.
1118 136 1163 198 13-

113 325 215 388 multa
245 324 493 408 pertractatione
523 325 663 390 omnium
693 345 797 390 rernm
827 327 1025 410 publicarum
1054 345 1157 406 neque
1229 325 1232 330 “

114 429 183 493 6166
202 428 315 512 legum
334 448 456 493 morum
478 429 555 494 iuris
578 429 711 494 scientia
733 449 836 512 neque
859 435 972 494 natura
993 428 1155 495 hominum

113 531 282 616 incognita
304 551 344 596 66
366 533 505 597 moribus
527 532 561 596 in
583 532 634 596 his
656 532 734 616 ipsis
756 533 851 598 rebus
870 533 948 598 satis
964 530 1076 596 callide
1091 551 1169 596 rer·

113 637 176 701 6661
209 641 243 700 61
273 635 376 719 perite
405 641 518 718 potest.
565 634 1157 720 661661666116666666666611,6166

80 739 232 821 equibus
254 759 299 806 ne
323 739 375 802 illa
397 738 524 820 quidem
547 739 679 805 minima
700 741 734 803 in
757 740 861 805 causis
883 740 1050 822 quisquam
1072 744 1157 804 66616

113 843 195 907 16661
215 848 333 926 potest,
350 841 425 924 quid
448 841 522 908 huic
544 843 658 908 abesse
681 843 797 927 poterit
819 843 859 907 de
881 844 1089 908 maximarum
1112 862 1157 906 re·

114 967 183 1011 mm
213 945 375 1010 seientia?
409 946 458 1011 616
481 947 613 1012 66616616
635 947 715 1011 nihil
737 948 786 1012 vis
810 967 879 1012 esse
901 947 963 1012 nisi
986 947 1157 1031 composite

114 1057 226 1115 ornate
248 1049 376 1132 copiose
391 1050 486 1132 loqui,
503 1071 619 1132 quaero
642 1049 676 1115 id
699 1050 803 1134 ipsum
826 1050 879 1132 qui
902 1051 1002 1135 possit
1025 1050 1157 1132 adsequi

115 1155 182 1218 sine
207 1173 249 1218 ea
272 1152 407 1217 scientia
428 1173 523 1235 qnam
547 1154 575 1218 61
599 1175 662 1219 666
686 1153 883 1220 conceditis?
922 1153 1049 1218 dicendi
1072 1154 1156 1219 enim
1239 1189 1241 1196 ·

69 1272 97 1317 10
114 1258 225 1338 virtus,
243 1256 307 1322 nisi
326 1241 432 1338 61661
454 1257 537 1324 dicet
560 1271 608 1323 ea'
622 1257 810 1339 quaedieet
832 1219 983 1342 percipie
1006 1265 1088 1338 sunt,
1105 1277 1156 1320 ex-

114 1369 180 1426 tare
196 1381 262 1426 non
278 1365 392 1444 potest.
424 1381 518 1443 quam
533 1362 573 1426 ob
595 1381 671 1442 rem,
687 1361 714 1426 si
736 1368 846 1426 666616
862 1362 984 1427 1666166
1000 1368 1058 1442 661,
1075 1360 1155 1426 61661
1173 1376 1207 1424 46

113 1473 145 1529 61
165 1465 269 1530 fertur
292 1470 324 1528 61
346 1463 422 1530 mihi
444 1464 579 1545 videtur,
595 1463 748 1548 physicus
768 1464 820 1528 ille
835 1463 1044 1546 Democritus,
1061 1471 1157 1528 mate·

113 1569 176 1633 ries
204 1569 261 1632 illa
291 1567 352 1632 fuit
382 1567 506 1651 physici
537 1568 577 1632 de
610 1587 672 1650 qua
703 1568 795 1648 dixit,
823 1576 952 1634 ornatus
982 1588 1058 1634 vero
1088 1569 1156 1652 ipse

114 1671 285 1738 verborum
307 1670 437 1735 oratoris
459 1670 620 1755 putandus
640 1675 701 1736 est'
721 1678 762 1752 et,
779 1671 806 1736 si
821 1673 912 1738 Plato
934 1671 975 1735 de
997 1673 1092 1738 rebus
1114 1674 1154 1738 ab

70 1789 98 1835 15
116 1775 262 1841 civilibus
291 1774 511 1840 controversiis
537 1774 756 1840 remotissimis
778 1774 930 1841 divinitus
953 1781 1001 1839 est
1023 1776 1154 1856 1666166,

114 1879 199 1961 quod
223 1899 283 1962 ego
307 1877 462 1962 conced03
491 1879 518 1942 61
540 1878 616 1944 item
639 1879 835 1961 Aristoteles,
859 1880 886 1945 61
907 1876 1155 1962 Theophrastus,

115 1983 141 2046 si
164 1981 347 2046 Carneades
377 1981 411 2045 in
437 1982 533 2046 rebus
558 1981 598 2046 iis
625 1979 803 2066 dequibus
829 1983 1072 2066 disputaverunt
1094 1981 1155 2046 elo·

13 2121 14 2132 κ
115 2092 249 2166 6666166
273 2092 305 2149 61
327 2085 360 2148 16
382 2083 516 2149 dicendo
540 2104 654 2150 suaves
676 2093 774 2167 atque
797 2084 900 2151 ornati
923 2083 1074 2150 fuerunt!
1091 2084 1155 2149 sint

116 2209 172 2252 666
197 2207 249 2252 666
277 2187 456 2269 dequibus
484 2187 646 2272 disputant
665 2189 699 2252 in
721 2187 792 2252 aliis
816 2187 1006 2271 quibusdam
1030 2186 1152 2268 studiis,

68 2302 99 2350 *20
117 2291 213 2358 oratio
238 2290 366 2373 quidem
389 2291 459 2376 ipsa
481 2291 609 2375 propria
631 2299 680 2357 est
705 2291 799 2356 huius
825 2293 920 2358 unius
950 2291 1153 2358 rationisde

117 2415 177 2475 666
199 2395 356 2476 loquimur
378 2401 410 2459 et
432 2395 622 2476 quaerimus.
668 2393 786 2461 etenim
810 2396 955 2460 videmus
977 2395 1091 2462 iisdem
1115 2395 1206 2459 (1666

115 2497 209 2563 rebus
231 2497 337 2563 ieiune
360 2497 513 2579 quosdam
536 2504 568 2563 et
591 2499 725 2577 exiliter,
749 2504 784 2560 ut
815 2519 887 2564 eum
918 2518 1011 2580 quem
1042 2499 1155 2563 666116-

116 2601 228 2666 simum
255 2600 370 2682 femnt,
395 2600 618 2684 Chrysippum,
642 2601 856 2684 disputavisse
882 2621 987 2684 neque
1014 2601 1055 2666 ob
1083 2621 1154 2667 earn

115 2724 180 2769 rem
210 2703 429 2788 philosophiae
458 2724 522 2769 non
552 2705 630 2795 66116
659 2704 784 2784 fecisse,
809 2703 893 2788 quod
920 2725 984 2771 non
1008 2703 1154 2769 habuerit

67 2805 196 2871 6511666
224 2805 350 2873 dicendi
378 2827 419 2872 ex
445 2814 513 2873 arte
539 2807 644 2872 611666
670 2807 864 2875 facultatem,
911 2809 987 2889 quid
1010 2827 1085 2890 ergo
1107 2807 1204 2872 in-12

116 2915 210 2974 terest
239 2916 296 2974 aut
325 2910 378 2992 661
408 2911 570 2976 discernes
602 2931 719 2990 eorum,
743 2931 821 2992 quos
848 2911 1021 2991 nominavi,
1049 2911 1081 2975 in
1109 2908 1152 2972 di-

117 3011 215 3078 cendo
237 3014 414 3078 ubertatem
437 3020 469 3079 et
497 3013 620 3097 copiam
645 3016 686 3080 ah
711 3033 818 3079 eorum
841 3013 994 3094 exilitate,
1018 3013 1071 3094 661
1093 3011 1153 3076 hao

116 3115 242 3181 dicendi
268 3117 422 3182 varietate
449 3123 480 3182 et
502 3117 663 3200 elegantia
685 3136 750 3181 non
772 3117 927 3182 utuntur?
972 3136 1070 3181 unum
1093 3115 1151 3179 erit

115 3219 255 3302 proiecto
285 3219 368 3302 quod
396 3220 419 3284 ii
449 3219 503 3303 qui
537 3221 620 3285 bene
653 3219 763 3284 dicunt
796 3219 943 3285 adierunt
973 3219 1150 3304 proprium:

69 3336 99 3384 30
116 3322 318 3407 compositam
334 3323 508 3387 orationem
532 3330 563 3387 et
585 3329 728 3387 ornatam
752 3330 783 3387 et
804 3321 937 3388 artificio
961 3320 1096 3404 quodam
1119 3325 1152 3383 61

66 3499 70 3504 ,
116 3425 307 3509 expolitione
334 3425 525 3491 distinctam.
571 3425 651 3492 haec
681 3432 787 3490 autem
817 3425 926 3506 oratio,
950 3425 977 3489 si
1006 3442 1057 3488 res
1086 3442 1150 3486 666

116 3530 223 3594 subest
245 3529 285 3594 ah
308 3536 430 3594 oratore
457 3536 608 3613 percepta
634 3535 667 3594 61
689 3529 824 3611 cog-nita,
848 3535 903 3592 aut
926 3526 1012 3592 nulla
1035 3524 1075 3590 sit
1098 3544 1151 3590 ne-

116 3651 203 3697 eesse
231 3637 355 3696 estant
377 3631 516 3696 omnium
539 3632 689 3696 inrisione
711 3630 846 3694 ludatur.
892 3627 968 3707 quid
991 3632 1039 3690 661
1061 3627 1147 3690 enim
1165 3648 1197 3693 66

114 3741 176 3800 tam
200 3733 350 3798 furiosum
374 3754 470 3816 quam
492 3734 659 3799 verborum
678 3733 729 3797 vel
749 3731 934 3813 optimomm
950 3732 1144 3805 616666666Γ
