2834 4110
255 255 368 309 urana
385 256 421 310 n.
459 253 665 309 onera-cl.
701 255 880 318 sess-ass.
1026 233 1086 297 139

61 429 94 492 ab
115 427 292 496 adversario
315 429 446 494 verbum
479 434 574 492 etex
601 447 647 509 eo,
679 433 714 492 ut
735 448 756 491 a
780 426 891 492 Catulo
915 425 947 489 in
970 423 1087 507 Philip-

62 551 136 613 pum,
155 533 187 596 in
203 553 274 598 eum
297 533 400 617 ipsum
423 531 553 615 aliquid,
570 531 624 613 qui
643 531 813 611 lacessivit,
829 529 991 612 infligitur.
1030 526 1087 592 sed
1106 540 1156 589 auc

62 636 232 720 complura
254 637 318 701 sint
339 635 481 719 ambigui
504 655 632 719 genera,
660 633 701 698 de
725 634 838 716 quibus
866 638 914 698 est
943 631 1087 696 doctrina
1182 721 1185 726 Ι

61 738 203 816 quaedam
227 738 378 822 subtilior,
401 738 568 802 attendere
583 743 615 802 et
629 737 781 821 aucupari
796 737 894 802 verba
914 736 1085 820 oportebit;

36 838 88 902 sin
109 861 175 922 quo,
198 848 233 906 ut
256 863 295 906 ca
318 863 399 924 quac
422 841 486 906 sint
507 840 672 924 frigidiora
694 841 830 906 vitemus
852 878 895 886 -
926 847 974 905 est
1001 839 1087 904 enim

62 945 224 1010 cavendum
255 966 295 1012 ne
325 945 510 1011 arcessitum
541 944 661 1009 dictum
694 951 822 1029 putetur
855 981 895 990 —-
930 945 1087 1029 permulta

60 1051 154 1113 tamen
181 1055 274 1114 acute
305 1047 455 1114 dicemus.
501 1049 634 1113 alterum
663 1067 765 1131 genus
799 1054 847 1113 est
876 1048 959 1131 quod
989 1048 1087 1114 habet

60 1169 178 1231 parvam
208 1152 299 1218 verbi
329 1152 591 1231 immutationem,
626 1150 711 1233 quod
745 1151 778 1215 in
812 1151 917 1217 littera
950 1153 1087 1237 positum
1118 1235 1121 1240 Δ

60 1251 159 1320 Graeci
181 1261 297 1321 vocant
318 1253 577 1342 accommodam
600 1260 636 1319 ut
659 1248 863 1320 ‘Nobiliorem
879 1252 1087 1322 mobiliorem’

24 1363 46 1410 1⁰
60 1357 142 1443 Cat03
165 1366 229 1441 aut,
253 1367 288 1424 ut
310 1359 404 1440 idem,
429 1380 500 1424 cum
525 1358 651 1424 cuidam
673 1358 809 1424 dixisset
831 1352 952 1426 ‘eamus
981 1359 1086 1428 deam·

59 1460 197 1528 hulatum’
220 1471 252 1529 et
274 1463 327 1528 illc
350 1456 438 1545 ‘quid
461 1483 540 1547 opus
564 1455 625 1526 ‘fuit
647 1459 722 1527 de?‘
746 1455 851 1528 ‘immo
874 1459 962 1530 vero'
984 1465 1087 1548 inquit

59 1555 133 1646 ‘quid
154 1589 232 1652 opus
256 1568 315 1633 fuit
337 1563 406 1633 te?‘
436 1574 492 1632 aut
522 1567 665 1632 eiusdem
700 1567 863 1651 responsio
893 1569 948 1634 illa
981 1562 1019 1634 ‘si
1053 1574 1087 1632 tn

59 1675 83 1732 et
101 1671 254 1738 adversus
275 1679 306 1736 et
321 1692 452 1736 aversus
467 1669 647 1756 impudicus
663 1668 719 1737 cs'
757 1673 853 1738 etiam
869 1673 1086 1757 interpretatio
1105 1680 1155 1729 25⁷

59 1775 179 1842 nominis
209 1775 308 1840 habet
345 1795 489 1856 acumen,
529 1795 601 1838 cum
635 1773 676 1839 ad
714 1775 881 1840 ridiculum
920 1783 1086 1843 convertas

26 1881 140 1956 liquam
162 1880 202 1944 ob
225 1899 293 1943 rem
315 1879 360 1944 ita
376 1873 446 1961 quis
462 1884 609 1963 vocetur,
633 1885 668 1943 ut
684 1899 743 1964 ego
759 1900 876 1964 nuper:
901 1881 1085 1945 Nummium

59 1978 222 2064 divisorem,
258 1989 294 2047 ut
325 1983 571 2067 Neoptolemum
604 1983 646 2047 ad
679 1983 815 2064 Troiam,
852 1985 898 2049 sio
931 1984 1019 2050 illum
1051 1984 1085 2048 in

19 2035 21 2130 i
59 2101 156 2171 campo
177 2087 292 2152 Martio
308 2107 423 2153 nomen
440 2086 611 2152 invenisse.
657 2093 754 2169 atque
769 2086 849 2152 haec
866 2089 972 2154 omnia
987 2090 1084 2154 verbo
1108 2088 1146 2142 64

19 2205 21 2280 ξ
61 2191 255 2256 continentur.
302 2211 398 2275 saepe
437 2191 534 2256 etiam
576 2210 686 2256 versus
727 2191 830 2256 facete
868 2192 1086 2278 interponitur,

19 2283 20 2288 ’
59 2293 151 2358 velut
173 2304 222 2360 est
244 2295 296 2359 vel
318 2293 482 2380 paululum
505 2298 700 2376 immutatus,
723 2301 779 2360 aut
801 2295 908 2378 aliqua
922 2319 998 2382 pars
1020 2319 1087 2362 ver-

25 2403 46 2453 ro
59 2412 116 2481 sus;
145 2405 179 2462 ut
202 2399 294 2464 Statii
324 2420 344 2463 a
374 2400 492 2465 Scauro
523 2399 742 2464 stomachante
772 2436 814 2444 -
846 2421 887 2464 ex
923 2423 983 2485 quo
1015 2408 1087 2468 sunt

59 2518 110 2564 uon
138 2502 214 2568 nulli
246 2503 301 2584 qui
333 2509 420 2568 tuam
450 2503 556 2588 legem
586 2502 779 2568 decivitate
809 2511 927 2588 natam,
963 2509 1085 2588 Crasse,

59 2600 150 2670 dicant
171 2630 231 2671 -:
1035 2691 1037 2694 Ι

19 2727 20 2772 r
93 2707 135 2790 s't,
144 2717 257 2791 tacete,
271 2709 345 2793 quid
358 2709 418 2775 hoc
427 2710 595 2776 clamoris?
610 2712 722 2793 quibus
731 2730 791 2775 nec
803 2718 904 2777 mater
913 2716 974 2778 nec
986 2721 1085 2799 pater,

19 2787 21 2812 ”
92 2817 174 2879 tanta
189 2813 405 2879 confidentia?
421 2815 544 2881 auferte
560 2818 655 2879 istam
675 2815 759 2880 enim
776 2817 967 2899 superbiam.

19 2921 46 2990 lto
59 2932 119 2980 uam
146 2919 179 2982 in
203 2918 311 2984 Coelio
341 2938 418 2983 sane
449 2921 546 2984 etiam
576 2916 619 2980 ad
650 2938 777 2983 causam
807 2921 884 2984 utile
915 2921 975 2985 fuit
998 2928 1085 2986 tuum

58 3014 130 3102 illud,
152 3021 283 3103 Antoni,
307 3041 377 3086 cum
400 3021 452 3086 ille
475 3042 495 3085 a
519 3041 555 3098 sc,
575 3021 744 3105 pecuniam
767 3022 942 3105 profectam
966 3023 1086 3090 diceret

59 3123 134 3188 testis
156 3131 187 3189 et
210 3123 343 3189 haberet
365 3124 464 3189 filium
489 3123 713 3205 delicatiorem,
745 3125 884 3190 abeunte
916 3126 979 3191 iam
1003 3128 1085 3192 elate

19 3269 20 3308 ,
59 3220 110 3306 illo,

19 3357 22 3418 p
94 3335 199 3396 sentin'
223 3350 333 3395 senem
357 3351 428 3396 esse
451 3335 570 3396 tactum
592 3330 722 3414 triginta
745 3331 864 3396 minis?

19 3439 48 3490 oo
61 3427 85 3492 in
110 3432 166 3499 hoc
194 3454 298 3518 genus
329 3435 504 3501 coiciuntur
533 3435 718 3519 proverbia;
748 3441 783 3498 ut
809 3434 886 3499 illud
916 3435 1083 3519 Scipionis,
1102 3447 1153 3497 258

61 3549 117 3599 cum
143 3538 270 3604 Asellus
304 3539 406 3604 omnis
440 3559 475 3604 sc
505 3538 685 3622 provincias
719 3538 878 3622 stipendia
910 3545 1085 3604 merentem

19 3687 20 3690 ,
60 3654 230 3726 peragrasse
264 3643 471 3726 gloriaretur:
507 3635 595 3724 ‘agas
625 3637 767 3706 asellum'
799 3648 830 3706 et
861 3647 974 3706 cetera.
1021 3662 1084 3724 qua

60 3757 85 3804 re
105 3765 138 3812 ea
160 3765 297 3828 quoque,
321 3747 470 3829 quoniam
494 3745 622 3809 mutatis
645 3745 752 3809 verbis
775 3765 838 3808 non
860 3751 992 3828 possunt
1015 3746 1083 3809 reli-

60 3863 121 3914 nere
141 3850 277 3916 eandem
301 3857 511 3931 venustatem,
535 3870 599 3914 non
622 3849 655 3913 in
671 3869 714 3929 re,
731 3847 786 3913 sed
810 3848 843 3912 in
859 3849 965 3914 verbis
980 3849 1084 3933 posita
