2866 4110
259 155 265 167 ¹
331 192 445 246 uranu
463 193 484 246 1.
516 193 932 272 cAP.31-aus143-1ls.
1106 179 1147 243 35

107 365 407 450 demonstrandam
447 374 558 450 postea
593 367 839 432 controversiam
877 367 1144 451 constituendam

106 473 172 532 tum
193 467 227 532 id
250 469 336 550 quod
357 490 414 534 nos
434 470 669 536 intenderemus
690 471 954 554 confirmandum
977 475 1049 554 post
1065 491 1146 552 quae

106 578 217 637 eontra
240 571 423 638 dicerentur
445 574 632 658 refellenda;
657 585 800 640 extrema
821 582 927 638 autem
951 574 1092 638 oratione
1108 594 1146 638 ea

105 695 186 757 quae
212 695 270 760 pro
294 677 386 741 nobis
410 683 516 742 essent
540 677 765 761 amplificanda
780 684 811 743 et
827 677 984 762 augenda,
1001 696 1145 759 quaeque

19 789 22 796 '
72 787 213 845 cessent
237 800 296 863 pro
319 779 510 846 adversariis
536 781 728 846 infirmanda
749 789 845 863 atque
861 779 1047 864 frangenda.
1093 801 1145 845 au·

105 884 227 948 dieram
256 883 355 949 etiam
382 904 464 966 quae
491 885 532 949 dc
559 885 710 952 orationis
737 886 836 969 ipsius
863 885 1056 950 ornamentis
1084 892 1143 949 tra-

106 984 271 1050 derentur:
296 987 330 1050 in
353 1008 415 1068 quo
437 989 630 1072 praecipitur
652 989 788 1072 primum
815 994 849 1052 ut
872 1008 949 1072 pure
979 994 1010 1053 et
1032 989 1145 1054 Latine

106 1087 282 1170 loquamur,
314 1089 430 1155 deinde
458 1097 492 1155 ut
518 1093 613 1175 plane
640 1098 672 1156 et
695 1091 841 1172 dilucide,
870 1098 936 1156 tum
963 1097 997 1155 ut
1025 1101 1143 1172 ornate,

106 1198 175 1275 post
195 1192 365 1257 adrerum
388 1192 576 1278 dignitatem
599 1202 673 1279 apte
696 1202 728 1259 et
750 1195 841 1277 quasi
857 1195 985 1278 decore;
1009 1195 1144 1278 singula-

56 1320 88 1365 ro
104 1317 237 1379 rumque
265 1317 370 1361 rerum
398 1306 567 1382 praecepta
595 1319 773 1382 cognoram.
821 1299 896 1380 quin
924 1299 1030 1379 etiam,
1063 1318 1144 1380 quae
1166 1308 1214 1356 145
1296 1331 1299 1336 Δ

105 1401 246 1464 maxime
274 1400 402 1484 propria
428 1408 534 1466 essent
556 1409 698 1482 naturae,
728 1408 835 1467 tamen
862 1401 912 1466 his
938 1401 1017 1484 ipsis
1044 1407 1144 1465 artem
1246 1446 1248 1451 -

104 1502 251 1569 adhiberi
274 1503 433 1588 videram;
458 1525 532 1569 nam
555 1504 596 1570 de
619 1507 744 1571 actione
767 1504 861 1570 etde
884 1505 1036 1570 memoria
1053 1525 1145 1586 quae-

104 1606 177 1671 dam
211 1608 334 1687 brevia,
369 1608 426 1673 sed
459 1629 576 1692 magna
610 1629 681 1674 cum
716 1609 942 1674 exercitatione
973 1613 1144 1692 praecepta

102 1716 278 1794 gustatam.
329 1712 363 1775 in
389 1711 439 1776 his
468 1713 552 1777 enim
574 1712 641 1778 fere
664 1714 759 1777 rebus
786 1713 889 1777 omnis
917 1711 1047 1776 istorum
1074 1712 1144 1775 arti-

57 1835 85 1882 15
103 1811 197 1878 ficum
220 1813 367 1879 doctrina
389 1821 544 1899 versatur;
570 1837 664 1898 quam
688 1837 748 1900 ego
770 1816 797 1880 'si
820 1815 899 1879 nihil
926 1813 1031 1878 dicam
1058 1814 1144 1878 adiu·

102 1937 187 1998 vare,
213 1918 360 1982 mentiar.
407 1918 504 1984 habet
532 1919 615 1983 enim
644 1919 801 2001 quaedam
829 1917 920 1999 quasi
946 1915 989 1980 ad
1011 1936 1143 1981 commo-

103 2021 244 2086 nendum
273 2027 439 2103 oratorem,
468 2042 528 2103 quo
557 2022 696 2105 quidque
725 2021 841 2087 referat
869 2028 900 2084 et
927 2040 988 2101 quo
1015 2019 1142 2084 intuens
1221 2021 1223 2028 '

105 2124 145 2188 ab
168 2145 206 2189 eo
230 2125 453 2207 quodcumque
475 2126 536 2190 sibi
558 2127 757 2210 proposuerit
779 2125 883 2188 minus
910 2123 1045 2188 aberret.
1091 2143 1143 2188 ve·
1163 2134 1212 2181 116

105 2247 171 2291 rum
195 2248 257 2312 ego
280 2227 363 2293 hanc
385 2229 450 2293 vim
471 2229 619 2312 intellego
640 2250 709 2294 esse
729 2230 763 2293 in
785 2228 964 2312 praeceptis
986 2227 1142 2307 omnibus,

57 2351 89 2399 no
105 2350 167 2395 non
189 2338 226 2396 ut
250 2352 289 2396 ea
312 2332 410 2396 secuti
425 2339 564 2397 oratores
581 2333 781 2413 eloquentiae
803 2329 929 2396 laudem
945 2332 1009 2396 sint
1023 2331 1143 2416 adepti,

106 2433 169 2516 sed,
199 2453 283 2516 quae
311 2455 367 2500 sua
395 2442 506 2519 sponte
537 2436 681 2501 homines
709 2437 892 2517 eloquentes
920 2434 1072 2518 facerent,
1105 2456 1143 2499 ea

107 2537 260 2617 quosdam
284 2539 468 2604 observasse
496 2547 590 2621 atque
616 2539 807 2623 conlegiss03
832 2539 877 2603 sic
900 2558 971 2604 esse
995 2561 1058 2605 non
1082 2539 1142 2603 elo-

106 2642 268 2721 quantiam
299 2662 340 2706 ex
370 2642 512 2724 artificio,
543 2642 600 2708 sed
622 2641 789 2707 artificium
817 2662 858 2706 en
882 2643 1063 2724 eloquentia
1091 2662 1143 2705 na·
1243 2658 1246 2664 ’

105 2749 179 2808 tum.
226 2743 312 2825 quod
340 2751 456 2825 tamen,
483 2753 518 2810 ut
544 2754 618 2810 ante
647 2746 724 2826 dixi,
751 2766 816 2811 non
843 2746 936 2828 eicio;
972 2755 1019 2812 est
1047 2746 1141 2824 enim,

57 2867 88 2913 as
107 2847 230 2912 etiamsi
258 2849 362 2913 minus
393 2851 604 2914 necessarium
635 2848 677 2913 ad
708 2851 791 2914 bene
819 2849 1003 2934 dicendum,
1035 2857 1141 2914 tamen

106 2948 148 3012 ad
169 2951 426 3035 cognoscendum
441 2973 505 3016 non
521 2953 695 3017 inliberale.
735 2959 766 3017 et
782 2954 967 3018 exercitatio
984 2951 1140 3034 quaedam
1161 2969 1209 3016 147

107 3054 308 3137 suscipienda
322 3055 412 3120 vobis
428 3063 476 3120 est
499 3094 541 3101 —
568 3076 760 3137 quamquam
779 3077 837 3121 vos
853 3055 980 3137 quidem
1002 3055 1066 3118 iam
1082 3054 1140 3137 pri-

107 3155 177 3220 dem
200 3158 278 3223 estis
300 3159 333 3223 in
349 3179 441 3224 cursu
457 3198 499 3205 —
516 3159 572 3224 sed
588 3160 626 3224 iis
642 3160 695 3240 qui
711 3159 929 3243 ingrediuntur
944 3159 977 3222 in
993 3151 1139 3236 stadium

108 3260 223 3343 quique
251 3282 289 3325 ea
316 3282 396 3343 quae
418 3262 544 3346 agenda
571 3269 645 3328 sunt
671 3264 704 3327 in
726 3263 794 3328 foro
821 3269 983 3344 tamquam
1010 3261 1042 3324 in
1071 3261 1139 3324 acie

57 3381 89 3428 eo
107 3362 238 3445 possunt
249 3365 345 3429 etiam
361 3386 444 3430 nuno
460 3365 685 3432 exercitatione
699 3367 789 3448 quasi
804 3365 925 3430 ludicra
941 3363 1140 3446 praediscere

108 3486 145 3530 ao
166 3464 334 3536 meditari.'

210 3565 313 3635 ‘Hanc
334 3555 446 3656 ipsam’
468 3573 570 3655 inquit
593 3573 749 3655 Sulpicius
776 3583 875 3636 'nosse
902 3570 1054 3634 volumus.
1100 3586 1139 3630 ac
1158 3583 1208 3632 148

108 3679 213 3738 tamen
235 3675 298 3740 ista
325 3697 405 3758 quae
433 3679 546 3743 abste
575 3676 712 3742 breviter
740 3673 779 3740 de
806 3679 874 3737 arte
904 3671 1037 3734 decursa
1064 3675 1137 3732 sunt
1231 3715 1238 3724 .

108 3774 215 3842 audire
238 3779 390 3862 cupimus,
418 3799 608 3864 quamquam
636 3784 709 3842 sunt
736 3775 827 3840 nobis
854 3790 977 3852 quoque
1001 3789 1064 3833 non
1091 3770 1137 3832 in-

949 3871 980 3920 3*
997 3920 999 3925 ,

1170 761 1207 815 32

1166 835 1215 882 144
