<?xml version="1.0" encoding="UTF-8"?>
<!DOCTYPE html PUBLIC "-//W3C//DTD XHTML 1.0 Transitional//EN"
    "http://www.w3.org/TR/xhtml1/DTD/xhtml1-transitional.dtd">
<html xmlns="http://www.w3.org/1999/xhtml" xml:lang="en" lang="en">
 <head>
  <title>
</title>
<meta http-equiv="Content-Type" content="text/html;charset=utf-8" />
  <meta name='ocr-system' content='tesseract 3.04.00' />
  <meta name='ocr-capabilities' content='ocr_page ocr_carea ocr_par ocr_line ocrx_word'/>
</head>
<body>
  <div class='ocr_page' id='page_1' title='image "./mtulliciceronis21cicegoog_0082.png"; bbox 0 0 2834 4110; ppageno 0'>
   <div class='ocr_carea' id='block_1_1' title="bbox 330 189 1126 268">
    <p class='ocr_par' dir='ltr' id='par_1_1' title="bbox 330 189 1126 268">
     <span class='ocr_line' id='line_1_1' title="bbox 330 189 1126 268; baseline 0.014 -16"><span class='ocrx_word' id='word_1_1' title='bbox 330 200 497 256; x_wconf 79' lang='grc'><strong>1111111111.</strong></span> <span class='ocrx_word' id='word_1_2' title='bbox 532 201 615 256; x_wconf 81' lang='lat' dir='ltr'>oAP.</span> <span class='ocrx_word' id='word_1_3' title='bbox 629 205 705 258; x_wconf 81' lang='grc'><strong>0-1.</strong></span> <span class='ocrx_word' id='word_1_4' title='bbox 741 206 885 268; x_wconf 72' lang='lat' dir='ltr'>§ra-ro.</span> <span class='ocrx_word' id='word_1_5' title='bbox 1085 189 1126 252; x_wconf 79' lang='grc'>13</span> 
     </span>
    </p>
   </div>
   <div class='ocr_carea' id='block_1_2' title="bbox 1 369 1315 3887">
    <p class='ocr_par' dir='ltr' id='par_1_2' title="bbox 86 369 1315 769">
     <span class='ocr_line' id='line_1_2' title="bbox 87 369 1126 461; baseline 0.004 -23"><span class='ocrx_word' id='word_1_6' title='bbox 87 411 125 420; x_wconf 84' lang='grc'>-</span> <span class='ocrx_word' id='word_1_7' title='bbox 145 374 199 438; x_wconf 90' lang='lat' dir='ltr'>vel</span> <span class='ocrx_word' id='word_1_8' title='bbox 229 380 267 438; x_wconf 91' lang='lat' dir='ltr'>tu</span> <span class='ocrx_word' id='word_1_9' title='bbox 298 393 358 438; x_wconf 90' lang='lat' dir='ltr'>nos</span> <span class='ocrx_word' id='word_1_10' title='bbox 384 375 507 458; x_wconf 91' lang='lat' dir='ltr'>ineptos</span> <span class='ocrx_word' id='word_1_11' title='bbox 536 372 621 441; x_wconf 84' lang='lat' dir='ltr'>licet’</span> <span class='ocrx_word' id='word_1_12' title='bbox 648 376 751 458; x_wconf 90' lang='lat' dir='ltr'>inquit</span> <span class='ocrx_word' id='word_1_13' title='bbox 773 369 836 442; x_wconf 86' lang='lat' dir='ltr'>‘vel</span> <span class='ocrx_word' id='word_1_14' title='bbox 862 377 1010 443; x_wconf 89' lang='lat' dir='ltr'>molestos</span> <span class='ocrx_word' id='word_1_15' title='bbox 1033 383 1126 461; x_wconf 90' lang='lat' dir='ltr'>putes</span> 
     </span>
     <span class='ocr_line' id='line_1_3' title="bbox 92 472 1126 564; baseline 0.004 -24"><span class='ocrx_word' id='word_1_16' title='bbox 92 515 122 522; x_wconf 82' lang='lat'>—</span> <span class='ocrx_word' id='word_1_17' title='bbox 145 497 220 541; x_wconf 90' lang='lat' dir='ltr'>oum</span> <span class='ocrx_word' id='word_1_18' title='bbox 243 476 288 540; x_wconf 92' lang='lat' dir='ltr'>ad</span> <span class='ocrx_word' id='word_1_19' title='bbox 311 477 419 541; x_wconf 92' lang='lat' dir='ltr'>mein</span> <span class='ocrx_word' id='word_1_20' title='bbox 441 475 664 544; x_wconf 74' lang='lat' dir='ltr'>Tusculanum²</span> <span class='ocrx_word' id='word_1_21' title='bbox 692 480 794 561; x_wconf 90' lang='lat' dir='ltr'>inquit</span> <span class='ocrx_word' id='word_1_22' title='bbox 820 472 901 545; x_wconf 78' lang='lat' dir='ltr'>‘heri</span> <span class='ocrx_word' id='word_1_23' title='bbox 915 480 1048 564; x_wconf 87' lang='lat' dir='ltr'>vesperi</span> <span class='ocrx_word' id='word_1_24' title='bbox 1075 500 1126 544; x_wconf 85' lang='lat' dir='ltr'>ve</span> 
     </span>
     <span class='ocr_line' id='line_1_4' title="bbox 87 580 1315 664; baseline 0.003 -20"><span class='ocrx_word' id='word_1_25' title='bbox 87 581 179 645; x_wconf 87' lang='lat' dir='ltr'>nisset</span> <span class='ocrx_word' id='word_1_26' title='bbox 203 581 327 646; x_wconf 84' lang='lat' dir='ltr'>Caesar</span> <span class='ocrx_word' id='word_1_27' title='bbox 356 580 398 645; x_wconf 90' lang='lat' dir='ltr'>de</span> <span class='ocrx_word' id='word_1_28' title='bbox 419 582 597 649; x_wconf 88' lang='lat' dir='ltr'>Tusculano</span> <span class='ocrx_word' id='word_1_29' title='bbox 626 603 692 664; x_wconf 90' lang='lat' dir='ltr'>suo,</span> <span class='ocrx_word' id='word_1_30' title='bbox 723 582 806 648; x_wconf 87' lang='lat' dir='ltr'>dixit</span> <span class='ocrx_word' id='word_1_31' title='bbox 829 583 907 648; x_wconf 91' lang='lat' dir='ltr'>mihi</span> <span class='ocrx_word' id='word_1_32' title='bbox 934 605 954 648; x_wconf 92' lang='lat' dir='ltr'>a</span> <span class='ocrx_word' id='word_1_33' title='bbox 976 603 1010 648; x_wconf 91' lang='lat' dir='ltr'>se</span> <span class='ocrx_word' id='word_1_34' title='bbox 1034 583 1126 649; x_wconf 86' lang='lat' dir='ltr'>Scae·</span> <span class='ocrx_word' id='word_1_35' title='bbox 1215 591 1217 594; x_wconf 82' lang='grc'><strong>’</strong></span> <span class='ocrx_word' id='word_1_36' title='bbox 1313 597 1315 600; x_wconf 84' lang='grc'><strong><em>·</em></strong></span> 
     </span>
     <span class='ocr_line' id='line_1_5' title="bbox 86 684 1125 769; baseline 0.003 -21"><span class='ocrx_word' id='word_1_37' title='bbox 86 685 187 750; x_wconf 90' lang='lat' dir='ltr'>volam</span> <span class='ocrx_word' id='word_1_38' title='bbox 210 684 289 748; x_wconf 90' lang='lat' dir='ltr'>hinc</span> <span class='ocrx_word' id='word_1_39' title='bbox 312 690 441 749; x_wconf 87' lang='lat' dir='ltr'>euntem</span> <span class='ocrx_word' id='word_1_40' title='bbox 462 706 532 752; x_wconf 90' lang='lat' dir='ltr'>esse</span> <span class='ocrx_word' id='word_1_41' title='bbox 556 693 758 768; x_wconf 89' lang='lat' dir='ltr'>conventum,</span> <span class='ocrx_word' id='word_1_42' title='bbox 782 707 824 752; x_wconf 84' lang='lat' dir='ltr'>ex</span> <span class='ocrx_word' id='word_1_43' title='bbox 846 707 908 769; x_wconf 90' lang='lat' dir='ltr'>quo</span> <span class='ocrx_word' id='word_1_44' title='bbox 930 687 1011 752; x_wconf 92' lang='lat' dir='ltr'>mira</span> <span class='ocrx_word' id='word_1_45' title='bbox 1033 707 1125 769; x_wconf 89' lang='lat' dir='ltr'>quae-</span> 
     </span>
    </p>

    <p class='ocr_par' dir='ltr' id='par_1_3' title="bbox 53 787 1280 1289">
     <span class='ocr_line' id='line_1_6' title="bbox 53 787 1177 875; baseline 0.008 -28"><span class='ocrx_word' id='word_1_46' title='bbox 53 787 158 852; x_wconf 77' lang='lat' dir='ltr'>sdam</span> <span class='ocrx_word' id='word_1_47' title='bbox 181 809 217 853; x_wconf 93' lang='lat' dir='ltr'>se</span> <span class='ocrx_word' id='word_1_48' title='bbox 240 787 373 854; x_wconf 80' lang='lat' dir='ltr'>audisse</span> <span class='ocrx_word' id='word_1_49' title='bbox 395 789 534 855; x_wconf 87' lang='lat' dir='ltr'>dicebat:</span> <span class='ocrx_word' id='word_1_50' title='bbox 558 798 599 871; x_wconf 91' lang='lat' dir='ltr'>te,</span> <span class='ocrx_word' id='word_1_51' title='bbox 623 810 717 873; x_wconf 91' lang='lat' dir='ltr'>quem</span> <span class='ocrx_word' id='word_1_52' title='bbox 747 809 805 875; x_wconf 81' lang='lat' dir='ltr'>ego</span> <span class='ocrx_word' id='word_1_53' title='bbox 828 791 945 856; x_wconf 89' lang='lat' dir='ltr'>totiens</span> <span class='ocrx_word' id='word_1_54' title='bbox 973 790 1058 857; x_wconf 92' lang='lat' dir='ltr'>omni</span> <span class='ocrx_word' id='word_1_55' title='bbox 1079 811 1125 856; x_wconf 90' lang='lat' dir='ltr'>ra·</span> <span class='ocrx_word' id='word_1_56' title='bbox 1175 803 1177 807; x_wconf 83' lang='lat'>&#39;</span> 
     </span>
     <span class='ocr_line' id='line_1_7' title="bbox 87 891 1125 979; baseline 0.003 -24"><span class='ocrx_word' id='word_1_57' title='bbox 87 891 169 956; x_wconf 91' lang='lat' dir='ltr'>tione</span> <span class='ocrx_word' id='word_1_58' title='bbox 192 897 358 974; x_wconf 88' lang='lat' dir='ltr'>temptans</span> <span class='ocrx_word' id='word_1_59' title='bbox 387 891 429 977; x_wconf 85' lang='lat' dir='ltr'>ad</span> <span class='ocrx_word' id='word_1_60' title='bbox 458 892 684 977; x_wconf 87' lang='lat' dir='ltr'>disputandum</span> <span class='ocrx_word' id='word_1_61' title='bbox 715 895 828 959; x_wconf 78' lang='lat' dir='ltr'>elicere</span> <span class='ocrx_word' id='word_1_62' title='bbox 855 915 919 960; x_wconf 92' lang='grc'><strong>11011</strong></span> <span class='ocrx_word' id='word_1_63' title='bbox 942 894 1125 979; x_wconf 90' lang='lat' dir='ltr'>potuissem,</span> 
     </span>
     <span class='ocr_line' id='line_1_8' title="bbox 87 994 1126 1078; baseline 0.004 -20"><span class='ocrx_word' id='word_1_64' title='bbox 87 995 242 1078; x_wconf 86' lang='lat' dir='ltr'>permulta</span> <span class='ocrx_word' id='word_1_65' title='bbox 265 994 305 1060; x_wconf 89' lang='lat' dir='ltr'>de</span> <span class='ocrx_word' id='word_1_66' title='bbox 330 995 509 1078; x_wconf 86' lang='lat' dir='ltr'>eloquentia</span> <span class='ocrx_word' id='word_1_67' title='bbox 532 1017 604 1061; x_wconf 90' lang='lat' dir='ltr'>oum</span> <span class='ocrx_word' id='word_1_68' title='bbox 626 997 763 1064; x_wconf 84' lang='lat' dir='ltr'>Antonio</span> <span class='ocrx_word' id='word_1_69' title='bbox 786 998 972 1064; x_wconf 80' lang='lat' dir='ltr'>disseruisse</span> <span class='ocrx_word' id='word_1_70' title='bbox 996 1005 1028 1064; x_wconf 92' lang='grc'>01</span> <span class='ocrx_word' id='word_1_71' title='bbox 1050 1005 1126 1063; x_wconf 87' lang='lat' dir='ltr'>tam-</span> 
     </span>
     <span class='ocr_line' id='line_1_9' title="bbox 86 1098 1126 1185; baseline 0.004 -22"><span class='ocrx_word' id='word_1_72' title='bbox 86 1119 177 1180; x_wconf 89' lang='lat' dir='ltr'>quam</span> <span class='ocrx_word' id='word_1_73' title='bbox 199 1098 236 1162; x_wconf 93' lang='lat' dir='ltr'>in</span> <span class='ocrx_word' id='word_1_74' title='bbox 260 1098 370 1164; x_wconf 88' lang='lat' dir='ltr'>schola</span> <span class='ocrx_word' id='word_1_75' title='bbox 388 1121 486 1185; x_wconf 85' lang='lat' dir='ltr'>prope</span> <span class='ocrx_word' id='word_1_76' title='bbox 502 1100 546 1164; x_wconf 96' lang='lat' dir='ltr'>ad</span> <span class='ocrx_word' id='word_1_77' title='bbox 565 1101 758 1166; x_wconf 82' lang='lat' dir='ltr'>Graecorum</span> <span class='ocrx_word' id='word_1_78' title='bbox 781 1101 1043 1167; x_wconf 84' lang='lat' dir='ltr'>consuetudinem</span> <span class='ocrx_word' id='word_1_79' title='bbox 1066 1102 1126 1167; x_wconf 90' lang='lat' dir='ltr'>dis·</span> 
     </span>
     <span class='ocr_line' id='line_1_10' title="bbox 86 1191 1280 1289; baseline 0.003 -22"><span class='ocrx_word' id='word_1_80' title='bbox 86 1209 223 1286; x_wconf 77' lang='lat' dir='ltr'>putasse.</span> <span class='ocrx_word' id='word_1_81' title='bbox 270 1203 317 1267; x_wconf 90' lang='lat' dir='ltr'>ita</span> <span class='ocrx_word' id='word_1_82' title='bbox 350 1223 401 1268; x_wconf 92' lang='lat' dir='ltr'>me</span> <span class='ocrx_word' id='word_1_83' title='bbox 434 1204 530 1270; x_wconf 88' lang='lat' dir='ltr'>frater</span> <span class='ocrx_word' id='word_1_84' title='bbox 564 1205 710 1270; x_wconf 85' lang='lat' dir='ltr'>exoravit</span> <span class='ocrx_word' id='word_1_85' title='bbox 742 1225 784 1269; x_wconf 92' lang='lat' dir='ltr'>ne</span> <span class='ocrx_word' id='word_1_86' title='bbox 813 1205 918 1289; x_wconf 89' lang='lat' dir='ltr'>ipsum</span> <span class='ocrx_word' id='word_1_87' title='bbox 947 1206 1077 1288; x_wconf 88' lang='lat' dir='ltr'>quidem</span> <span class='ocrx_word' id='word_1_88' title='bbox 1106 1224 1180 1272; x_wconf 82' lang='grc'>014</span> <span class='ocrx_word' id='word_1_89' title='bbox 1278 1191 1280 1196; x_wconf 47' lang='grc'><strong>’</strong></span> 
     </span>
    </p>

    <p class='ocr_par' dir='ltr' id='par_1_4' title="bbox 40 1307 1128 1808">
     <span class='ocr_line' id='line_1_11' title="bbox 40 1307 1128 1389; baseline 0.004 -17"><span class='ocrx_word' id='word_1_90' title='bbox 40 1327 70 1373; x_wconf 92' lang='grc'>10</span> <span class='ocrx_word' id='word_1_91' title='bbox 86 1308 187 1374; x_wconf 91' lang='lat' dir='ltr'>studio</span> <span class='ocrx_word' id='word_1_92' title='bbox 210 1307 366 1372; x_wconf 92' lang='lat' dir='ltr'>audiendi</span> <span class='ocrx_word' id='word_1_93' title='bbox 395 1309 489 1374; x_wconf 91' lang='lat' dir='ltr'>nimis</span> <span class='ocrx_word' id='word_1_94' title='bbox 517 1310 752 1389; x_wconf 84' lang='lat' dir='ltr'>abhorrentem,</span> <span class='ocrx_word' id='word_1_95' title='bbox 783 1309 839 1374; x_wconf 90' lang='lat' dir='ltr'>sed</span> <span class='ocrx_word' id='word_1_96' title='bbox 870 1309 1048 1376; x_wconf 77' lang='lat' dir='ltr'>mehercule</span> <span class='ocrx_word' id='word_1_97' title='bbox 1076 1330 1128 1376; x_wconf 90' lang='lat' dir='ltr'>ve-</span> 
     </span>
     <span class='ocr_line' id='line_1_12' title="bbox 85 1413 1127 1494; baseline 0.005 -19"><span class='ocrx_word' id='word_1_98' title='bbox 85 1418 206 1477; x_wconf 85' lang='lat' dir='ltr'>rentem</span> <span class='ocrx_word' id='word_1_99' title='bbox 237 1433 280 1476; x_wconf 90' lang='lat' dir='ltr'>ne</span> <span class='ocrx_word' id='word_1_100' title='bbox 303 1413 427 1477; x_wconf 89' lang='lat' dir='ltr'>molesti</span> <span class='ocrx_word' id='word_1_101' title='bbox 456 1413 547 1478; x_wconf 89' lang='lat' dir='ltr'>vobis</span> <span class='ocrx_word' id='word_1_102' title='bbox 569 1413 843 1494; x_wconf 87' lang='lat' dir='ltr'>interveniremus,</span> <span class='ocrx_word' id='word_1_103' title='bbox 876 1420 912 1477; x_wconf 92' lang='lat' dir='ltr'>ut</span> <span class='ocrx_word' id='word_1_104' title='bbox 933 1413 996 1479; x_wconf 88' lang='lat' dir='ltr'>huc</span> <span class='ocrx_word' id='word_1_105' title='bbox 1020 1433 1127 1480; x_wconf 89' lang='lat' dir='ltr'>secum</span> 
     </span>
     <span class='ocr_line' id='line_1_13' title="bbox 85 1515 1128 1598; baseline 0.003 -18"><span class='ocrx_word' id='word_1_106' title='bbox 85 1517 237 1581; x_wconf 83' lang='lat' dir='ltr'>venirem.</span> <span class='ocrx_word' id='word_1_107' title='bbox 286 1516 404 1581; x_wconf 88' lang='lat' dir='ltr'>etenim</span> <span class='ocrx_word' id='word_1_108' title='bbox 435 1517 622 1582; x_wconf 82' lang='lat' dir='ltr'>Scaevolam</span> <span class='ocrx_word' id='word_1_109' title='bbox 655 1517 701 1580; x_wconf 91' lang='lat' dir='ltr'>ita</span> <span class='ocrx_word' id='word_1_110' title='bbox 730 1515 835 1581; x_wconf 90' lang='lat' dir='ltr'>dicere</span> <span class='ocrx_word' id='word_1_111' title='bbox 864 1517 982 1598; x_wconf 89' lang='lat' dir='ltr'>aiebat,</span> <span class='ocrx_word' id='word_1_112' title='bbox 1011 1520 1128 1584; x_wconf 90' lang='lat' dir='ltr'>bonam</span> 
     </span>
     <span class='ocr_line' id='line_1_14' title="bbox 86 1619 1128 1704; baseline 0.003 -20"><span class='ocrx_word' id='word_1_113' title='bbox 86 1626 209 1704; x_wconf 87' lang='lat' dir='ltr'>partem</span> <span class='ocrx_word' id='word_1_114' title='bbox 232 1621 387 1685; x_wconf 88' lang='lat' dir='ltr'>sermonis</span> <span class='ocrx_word' id='word_1_115' title='bbox 409 1621 443 1684; x_wconf 93' lang='lat' dir='ltr'>in</span> <span class='ocrx_word' id='word_1_116' title='bbox 465 1620 551 1685; x_wconf 90' lang='lat' dir='ltr'>hunc</span> <span class='ocrx_word' id='word_1_117' title='bbox 573 1620 658 1685; x_wconf 90' lang='lat' dir='ltr'>diem</span> <span class='ocrx_word' id='word_1_118' title='bbox 682 1640 753 1686; x_wconf 88' lang='lat' dir='ltr'>esse</span> <span class='ocrx_word' id='word_1_119' title='bbox 775 1619 916 1684; x_wconf 90' lang='lat' dir='ltr'>dilatam.</span> <span class='ocrx_word' id='word_1_120' title='bbox 962 1621 1023 1686; x_wconf 91' lang='lat' dir='ltr'>hoc</span> <span class='ocrx_word' id='word_1_121' title='bbox 1046 1627 1081 1687; x_wconf 95' lang='lat' dir='ltr'>tu</span> <span class='ocrx_word' id='word_1_122' title='bbox 1100 1623 1128 1689; x_wconf 91' lang='lat' dir='ltr'>si</span> 
     </span>
     <span class='ocr_line' id='line_1_15' title="bbox 86 1723 1128 1808; baseline 0.003 -22"><span class='ocrx_word' id='word_1_123' title='bbox 86 1723 232 1807; x_wconf 87' lang='lat' dir='ltr'>cupidius</span> <span class='ocrx_word' id='word_1_124' title='bbox 254 1723 376 1787; x_wconf 83' lang='lat' dir='ltr'>factum</span> <span class='ocrx_word' id='word_1_125' title='bbox 399 1723 574 1805; x_wconf 84' lang='lat' dir='ltr'>existimas,</span> <span class='ocrx_word' id='word_1_126' title='bbox 597 1723 727 1788; x_wconf 81' lang='lat' dir='ltr'>Caesari</span> <span class='ocrx_word' id='word_1_127' title='bbox 750 1725 921 1808; x_wconf 86' lang='lat' dir='ltr'>attribues;</span> <span class='ocrx_word' id='word_1_128' title='bbox 946 1725 974 1790; x_wconf 91' lang='lat' dir='ltr'>si</span> <span class='ocrx_word' id='word_1_129' title='bbox 996 1725 1128 1789; x_wconf 90' lang='lat' dir='ltr'>familia·</span> 
     </span>
    </p>

    <p class='ocr_par' dir='ltr' id='par_1_5' title="bbox 42 1826 1128 2331">
     <span class='ocr_line' id='line_1_16' title="bbox 42 1826 1127 1910; baseline 0.002 -20"><span class='ocrx_word' id='word_1_130' title='bbox 42 1843 70 1890; x_wconf 84' lang='lat'>15</span> <span class='ocrx_word' id='word_1_131' title='bbox 86 1827 160 1909; x_wconf 87' lang='lat' dir='ltr'>rius,</span> <span class='ocrx_word' id='word_1_132' title='bbox 184 1828 311 1910; x_wconf 91' lang='lat' dir='ltr'>utrique</span> <span class='ocrx_word' id='word_1_133' title='bbox 345 1834 502 1893; x_wconf 89' lang='lat' dir='ltr'>nostrum:</span> <span class='ocrx_word' id='word_1_134' title='bbox 538 1848 595 1893; x_wconf 93' lang='lat' dir='ltr'>nos</span> <span class='ocrx_word' id='word_1_135' title='bbox 629 1826 768 1909; x_wconf 88' lang='lat' dir='ltr'>quidem,</span> <span class='ocrx_word' id='word_1_136' title='bbox 803 1828 864 1892; x_wconf 89' lang='lat' dir='ltr'>nisi</span> <span class='ocrx_word' id='word_1_137' title='bbox 894 1827 974 1892; x_wconf 90' lang='lat' dir='ltr'>forte</span> <span class='ocrx_word' id='word_1_138' title='bbox 1004 1827 1127 1892; x_wconf 87' lang='lat' dir='ltr'>molesti</span> 
     </span>
     <span class='ocr_line' id='line_1_17' title="bbox 86 1922 1126 2012; baseline -0.001 -18"><span class='ocrx_word' id='word_1_139' title='bbox 86 1930 326 2012; x_wconf 87' lang='lat' dir='ltr'>intervenimus,</span> <span class='ocrx_word' id='word_1_140' title='bbox 360 1930 486 1997; x_wconf 91' lang='lat' dir='ltr'>venisse</span> <span class='ocrx_word' id='word_1_141' title='bbox 509 1926 667 1996; x_wconf 68' lang='lat' dir='ltr'>delectat.³</span> <span class='ocrx_word' id='word_1_142' title='bbox 711 1936 778 1995; x_wconf 90' lang='lat' dir='ltr'>tum</span> <span class='ocrx_word' id='word_1_143' title='bbox 801 1931 934 1997; x_wconf 78' lang='lat' dir='ltr'>Crassus</span> <span class='ocrx_word' id='word_1_144' title='bbox 957 1922 1126 2011; x_wconf 74' lang='lat' dir='ltr'>‘equidem</span> 
     </span>
     <span class='ocr_line' id='line_1_18' title="bbox 86 2032 1128 2118; baseline -0.004 -18"><span class='ocrx_word' id='word_1_145' title='bbox 86 2055 305 2118; x_wconf 88' lang='lat' dir='ltr'>quaecumque</span> <span class='ocrx_word' id='word_1_146' title='bbox 328 2055 385 2100; x_wconf 93' lang='lat' dir='ltr'>vos</span> <span class='ocrx_word' id='word_1_147' title='bbox 408 2055 504 2100; x_wconf 90' lang='lat' dir='ltr'>causa</span> <span class='ocrx_word' id='word_1_148' title='bbox 526 2035 588 2100; x_wconf 90' lang='lat' dir='ltr'>huc</span> <span class='ocrx_word' id='word_1_149' title='bbox 602 2035 770 2116; x_wconf 88' lang='lat' dir='ltr'>attulisset,</span> <span class='ocrx_word' id='word_1_150' title='bbox 785 2035 929 2115; x_wconf 86' lang='lat' dir='ltr'>laetarer,</span> <span class='ocrx_word' id='word_1_151' title='bbox 955 2053 1025 2098; x_wconf 92' lang='lat' dir='ltr'>cum</span> <span class='ocrx_word' id='word_1_152' title='bbox 1041 2032 1128 2117; x_wconf 89' lang='lat' dir='ltr'>apud</span> 
     </span>
     <span class='ocr_line' id='line_1_19' title="bbox 86 2138 1126 2222; baseline -0.002 -18"><span class='ocrx_word' id='word_1_153' title='bbox 86 2161 137 2205; x_wconf 88' lang='lat' dir='ltr'>mc</span> <span class='ocrx_word' id='word_1_154' title='bbox 168 2139 311 2206; x_wconf 84' lang='lat' dir='ltr'>viderem</span> <span class='ocrx_word' id='word_1_155' title='bbox 339 2139 483 2205; x_wconf 90' lang='lat' dir='ltr'>homines</span> <span class='ocrx_word' id='word_1_156' title='bbox 513 2140 591 2204; x_wconf 92' lang='lat' dir='ltr'>mihi</span> <span class='ocrx_word' id='word_1_157' title='bbox 625 2139 803 2205; x_wconf 86' lang='lat' dir='ltr'>carissimos</span> <span class='ocrx_word' id='word_1_158' title='bbox 836 2145 868 2204; x_wconf 89' lang='lat' dir='ltr'>et</span> <span class='ocrx_word' id='word_1_159' title='bbox 901 2138 1126 2222; x_wconf 88' lang='lat' dir='ltr'>amicissimos;</span> 
     </span>
     <span class='ocr_line' id='line_1_20' title="bbox 87 2242 1128 2331; baseline -0.002 -23"><span class='ocrx_word' id='word_1_160' title='bbox 87 2243 144 2309; x_wconf 91' lang='lat' dir='ltr'>sed</span> <span class='ocrx_word' id='word_1_161' title='bbox 167 2250 285 2325; x_wconf 88' lang='lat' dir='ltr'>tamen,</span> <span class='ocrx_word' id='word_1_162' title='bbox 309 2263 383 2309; x_wconf 89' lang='lat' dir='ltr'>vere</span> <span class='ocrx_word' id='word_1_163' title='bbox 406 2243 520 2326; x_wconf 86' lang='lat' dir='ltr'>dicam,</span> <span class='ocrx_word' id='word_1_164' title='bbox 552 2244 683 2326; x_wconf 87' lang='lat' dir='ltr'>quaevis</span> <span class='ocrx_word' id='word_1_165' title='bbox 716 2242 833 2331; x_wconf 80' lang='lat' dir='ltr'>[causa]</span> <span class='ocrx_word' id='word_1_166' title='bbox 866 2244 992 2308; x_wconf 92' lang='lat' dir='ltr'>mallem</span> <span class='ocrx_word' id='word_1_167' title='bbox 1015 2242 1128 2307; x_wconf 91' lang='lat' dir='ltr'>fuisset</span> 
     </span>
    </p>

    <p class='ocr_par' dir='ltr' id='par_1_6' title="bbox 39 2345 1137 2746">
     <span class='ocr_line' id='line_1_21' title="bbox 39 2345 1129 2432; baseline 0.002 -23"><span class='ocrx_word' id='word_1_168' title='bbox 39 2363 70 2411; x_wconf 87' lang='lat' dir='ltr'>ao</span> <span class='ocrx_word' id='word_1_169' title='bbox 87 2369 184 2430; x_wconf 89' lang='lat' dir='ltr'>qnam</span> <span class='ocrx_word' id='word_1_170' title='bbox 205 2351 267 2414; x_wconf 90' lang='lat' dir='ltr'>ista</span> <span class='ocrx_word' id='word_1_171' title='bbox 290 2369 386 2432; x_wconf 91' lang='lat' dir='ltr'>quam</span> <span class='ocrx_word' id='word_1_172' title='bbox 408 2349 496 2414; x_wconf 90' lang='lat' dir='ltr'>dicis.</span> <span class='ocrx_word' id='word_1_173' title='bbox 543 2369 602 2432; x_wconf 85' lang='lat' dir='ltr'>ego</span> <span class='ocrx_word' id='word_1_174' title='bbox 626 2348 720 2430; x_wconf 91' lang='lat' dir='ltr'>enim,</span> <span class='ocrx_word' id='word_1_175' title='bbox 752 2354 787 2412; x_wconf 93' lang='lat' dir='ltr'>ut</span> <span class='ocrx_word' id='word_1_176' title='bbox 810 2368 904 2430; x_wconf 94' lang='lat' dir='ltr'>quem</span> <span class='ocrx_word' id='word_1_177' title='bbox 929 2347 973 2411; x_wconf 92' lang='lat' dir='ltr'>ad</span> <span class='ocrx_word' id='word_1_178' title='bbox 999 2345 1129 2412; x_wconf 92' lang='lat' dir='ltr'>modum</span> 
     </span>
     <span class='ocr_line' id='line_1_22' title="bbox 89 2451 1137 2535; baseline -0.002 -17"><span class='ocrx_word' id='word_1_179' title='bbox 89 2453 190 2518; x_wconf 90' lang='lat' dir='ltr'>sentio</span> <span class='ocrx_word' id='word_1_180' title='bbox 211 2454 333 2535; x_wconf 90' lang='lat' dir='ltr'>loquar,</span> <span class='ocrx_word' id='word_1_181' title='bbox 357 2470 529 2535; x_wconf 91' lang='lat' dir='ltr'>numquam</span> <span class='ocrx_word' id='word_1_182' title='bbox 552 2453 630 2518; x_wconf 93' lang='lat' dir='ltr'>mihi</span> <span class='ocrx_word' id='word_1_183' title='bbox 653 2454 758 2519; x_wconf 87' lang='lat' dir='ltr'>minus</span> <span class='ocrx_word' id='word_1_184' title='bbox 782 2472 879 2534; x_wconf 91' lang='lat' dir='ltr'>quam</span> <span class='ocrx_word' id='word_1_185' title='bbox 904 2451 1053 2517; x_wconf 89' lang='lat' dir='ltr'>hesterno</span> <span class='ocrx_word' id='word_1_186' title='bbox 1076 2451 1137 2516; x_wconf 91' lang='lat' dir='ltr'>die</span> 
     </span>
     <span class='ocr_line' id='line_1_23' title="bbox 89 2554 1129 2640; baseline -0.003 -18"><span class='ocrx_word' id='word_1_187' title='bbox 89 2557 208 2640; x_wconf 79' lang='lat' dir='ltr'>placui:</span> <span class='ocrx_word' id='word_1_188' title='bbox 238 2557 342 2640; x_wconf 83' lang='lat' dir='ltr'>magis</span> <span class='ocrx_word' id='word_1_189' title='bbox 380 2557 461 2623; x_wconf 92' lang='lat' dir='ltr'>adeo</span> <span class='ocrx_word' id='word_1_190' title='bbox 490 2557 525 2622; x_wconf 88' lang='lat' dir='ltr'>id</span> <span class='ocrx_word' id='word_1_191' title='bbox 548 2558 702 2623; x_wconf 84' lang='lat' dir='ltr'>facilitate</span> <span class='ocrx_word' id='word_1_192' title='bbox 730 2577 825 2639; x_wconf 90' lang='lat' dir='ltr'>quam</span> <span class='ocrx_word' id='word_1_193' title='bbox 855 2556 919 2621; x_wconf 88' lang='lat' dir='ltr'>alia</span> <span class='ocrx_word' id='word_1_194' title='bbox 949 2554 1013 2620; x_wconf 86' lang='lat' dir='ltr'>ulla</span> <span class='ocrx_word' id='word_1_195' title='bbox 1036 2556 1129 2638; x_wconf 91' lang='lat' dir='ltr'>culpa</span> 
     </span>
     <span class='ocr_line' id='line_1_24' title="bbox 88 2659 1129 2746; baseline -0.004 -21"><span class='ocrx_word' id='word_1_196' title='bbox 88 2681 162 2725; x_wconf 88' lang='lat' dir='ltr'>mea</span> <span class='ocrx_word' id='word_1_197' title='bbox 194 2662 336 2746; x_wconf 84' lang='lat' dir='ltr'>contigit,</span> <span class='ocrx_word' id='word_1_198' title='bbox 371 2662 434 2744; x_wconf 91' lang='lat' dir='ltr'>qui,</span> <span class='ocrx_word' id='word_1_199' title='bbox 475 2661 550 2726; x_wconf 88' lang='lat' dir='ltr'>dnm</span> <span class='ocrx_word' id='word_1_200' title='bbox 584 2664 740 2745; x_wconf 88' lang='lat' dir='ltr'>obsequor</span> <span class='ocrx_word' id='word_1_201' title='bbox 773 2659 1040 2740; x_wconf 90' lang='lat' dir='ltr'>adulescentibus,</span> <span class='ocrx_word' id='word_1_202' title='bbox 1078 2677 1129 2722; x_wconf 90' lang='lat' dir='ltr'>me</span> 
     </span>
    </p>

    <p class='ocr_par' dir='ltr' id='par_1_7' title="bbox 1 2762 1129 2847">
     <span class='ocr_line' id='line_1_25' title="bbox 1 2762 1129 2847; baseline -0.003 -19"><span class='ocrx_word' id='word_1_203' title='bbox 1 2783 2 2794; x_wconf 56' lang='lat'>¹</span> <span class='ocrx_word' id='word_1_204' title='bbox 68 2800 71 2806; x_wconf 96' lang='lat'><em>·</em></span> <span class='ocrx_word' id='word_1_205' title='bbox 90 2783 199 2830; x_wconf 87' lang='lat' dir='ltr'>senem</span> <span class='ocrx_word' id='word_1_206' title='bbox 222 2785 293 2831; x_wconf 78' lang='lat' dir='ltr'>esse</span> <span class='ocrx_word' id='word_1_207' title='bbox 323 2785 393 2830; x_wconf 90' lang='lat' dir='ltr'>sum</span> <span class='ocrx_word' id='word_1_208' title='bbox 415 2766 532 2830; x_wconf 91' lang='lat' dir='ltr'>oblitus</span> <span class='ocrx_word' id='word_1_209' title='bbox 559 2766 684 2847; x_wconf 86' lang='lat' dir='ltr'>fecique</span> <span class='ocrx_word' id='word_1_210' title='bbox 711 2764 745 2828; x_wconf 89' lang='lat' dir='ltr'>id</span> <span class='ocrx_word' id='word_1_211' title='bbox 769 2763 855 2846; x_wconf 92' lang='lat' dir='ltr'>quod</span> <span class='ocrx_word' id='word_1_212' title='bbox 878 2783 920 2828; x_wconf 90' lang='lat' dir='ltr'>ne</span> <span class='ocrx_word' id='word_1_213' title='bbox 942 2762 1129 2828; x_wconf 89' lang='lat' dir='ltr'>adulescens</span> 
     </span>
    </p>

    <p class='ocr_par' dir='ltr' id='par_1_8' title="bbox 41 2861 1130 2951">
     <span class='ocr_line' id='line_1_26' title="bbox 41 2861 1130 2951; baseline -0.002 -20"><span class='ocrx_word' id='word_1_214' title='bbox 41 2886 73 2934; x_wconf 81' lang='lat' dir='ltr'>ao</span> <span class='ocrx_word' id='word_1_215' title='bbox 90 2869 218 2950; x_wconf 91' lang='lat' dir='ltr'>quidem</span> <span class='ocrx_word' id='word_1_216' title='bbox 240 2869 390 2951; x_wconf 83' lang='lat' dir='ltr'>feceram,</span> <span class='ocrx_word' id='word_1_217' title='bbox 421 2876 456 2933; x_wconf 93' lang='lat' dir='ltr'>ut</span> <span class='ocrx_word' id='word_1_218' title='bbox 486 2870 524 2933; x_wconf 83' lang='lat' dir='ltr'>iis&#39;</span> <span class='ocrx_word' id='word_1_219' title='bbox 554 2869 713 2934; x_wconf 88' lang='lat' dir='ltr'>derebus</span> <span class='ocrx_word' id='word_1_220' title='bbox 744 2861 829 2950; x_wconf 86' lang='lat' dir='ltr'>quae</span> <span class='ocrx_word' id='word_1_221' title='bbox 856 2867 1001 2932; x_wconf 88' lang='lat' dir='ltr'>doctrina</span> <span class='ocrx_word' id='word_1_222' title='bbox 1023 2866 1130 2948; x_wconf 89' lang='lat' dir='ltr'>aliqua</span> 
     </span>
    </p>

    <p class='ocr_par' dir='ltr' id='par_1_9' title="bbox 92 2968 1130 3058">
     <span class='ocr_line' id='line_1_27' title="bbox 92 2968 1130 3058; baseline -0.004 -21"><span class='ocrx_word' id='word_1_223' title='bbox 92 2973 326 3039; x_wconf 82' lang='lat' dir='ltr'>continerentur</span> <span class='ocrx_word' id='word_1_224' title='bbox 348 2973 553 3058; x_wconf 88' lang='lat' dir='ltr'>disputarem.</span> <span class='ocrx_word' id='word_1_225' title='bbox 599 2972 656 3038; x_wconf 88' lang='lat' dir='ltr'>sed</span> <span class='ocrx_word' id='word_1_226' title='bbox 686 2972 747 3036; x_wconf 92' lang='lat' dir='ltr'>hoc</span> <span class='ocrx_word' id='word_1_227' title='bbox 776 2977 886 3036; x_wconf 89' lang='lat' dir='ltr'>tamen</span> <span class='ocrx_word' id='word_1_228' title='bbox 914 2970 1029 3036; x_wconf 89' lang='lat' dir='ltr'>cecidit</span> <span class='ocrx_word' id='word_1_229' title='bbox 1051 2968 1130 3033; x_wconf 92' lang='lat' dir='ltr'>mihi</span> 
     </span>
    </p>

    <p class='ocr_par' dir='ltr' id='par_1_10' title="bbox 91 3073 1130 3162">
     <span class='ocr_line' id='line_1_28' title="bbox 91 3073 1130 3162; baseline -0.006 -20"><span class='ocrx_word' id='word_1_230' title='bbox 91 3084 333 3162; x_wconf 87' lang='lat' dir='ltr'>peropportune,</span> <span class='ocrx_word' id='word_1_231' title='bbox 357 3076 441 3159; x_wconf 90' lang='lat' dir='ltr'>quod</span> <span class='ocrx_word' id='word_1_232' title='bbox 463 3076 633 3141; x_wconf 87' lang='lat' dir='ltr'>transactis</span> <span class='ocrx_word' id='word_1_233' title='bbox 656 3076 720 3140; x_wconf 93' lang='lat' dir='ltr'>iam</span> <span class='ocrx_word' id='word_1_234' title='bbox 743 3075 823 3140; x_wconf 94' lang='lat' dir='ltr'>meis</span> <span class='ocrx_word' id='word_1_235' title='bbox 845 3075 990 3160; x_wconf 89' lang='lat' dir='ltr'>partibus</span> <span class='ocrx_word' id='word_1_236' title='bbox 1006 3073 1048 3138; x_wconf 90' lang='lat' dir='ltr'>ad</span> <span class='ocrx_word' id='word_1_237' title='bbox 1068 3073 1130 3137; x_wconf 86' lang='lat' dir='ltr'>An-</span> 
     </span>
    </p>

    <p class='ocr_par' dir='ltr' id='par_1_11' title="bbox 1 3172 1182 3368">
     <span class='ocr_line' id='line_1_29' title="bbox 1 3172 1182 3261; baseline 0.002 -17"><span class='ocrx_word' id='word_1_238' title='bbox 1 3245 3 3256; x_wconf 63' lang='lat'>,</span> <span class='ocrx_word' id='word_1_239' title='bbox 91 3180 211 3247; x_wconf 88' lang='lat' dir='ltr'>tonium</span> <span class='ocrx_word' id='word_1_240' title='bbox 233 3181 428 3246; x_wconf 89' lang='lat' dir='ltr'>audiendum</span> <span class='ocrx_word' id='word_1_241' title='bbox 450 3177 604 3245; x_wconf 73' lang='lat' dir='ltr'>venistis.³</span> <span class='ocrx_word' id='word_1_242' title='bbox 649 3186 716 3244; x_wconf 92' lang='lat' dir='ltr'>tum</span> <span class='ocrx_word' id='word_1_243' title='bbox 740 3180 858 3244; x_wconf 85' lang='lat' dir='ltr'>Caesar</span> <span class='ocrx_word' id='word_1_244' title='bbox 886 3172 1056 3261; x_wconf 80' lang='lat' dir='ltr'>‘equidem&#39;</span> <span class='ocrx_word' id='word_1_245' title='bbox 1086 3178 1182 3246; x_wconf 88' lang='grc'><strong>111-10</strong></span> 
     </span>
     <span class='ocr_line' id='line_1_30' title="bbox 91 3278 1130 3368; baseline -0.004 -20"><span class='ocrx_word' id='word_1_246' title='bbox 91 3284 157 3364; x_wconf 94' lang='lat' dir='ltr'>quit</span> <span class='ocrx_word' id='word_1_247' title='bbox 178 3278 315 3367; x_wconf 78' lang='grc'>&lt;(110000,</span> <span class='ocrx_word' id='word_1_248' title='bbox 336 3285 381 3349; x_wconf 90' lang='lat' dir='ltr'>ita</span> <span class='ocrx_word' id='word_1_249' title='bbox 397 3304 466 3349; x_wconf 90' lang='lat' dir='ltr'>sum</span> <span class='ocrx_word' id='word_1_250' title='bbox 490 3283 623 3368; x_wconf 89' lang='lat' dir='ltr'>cupidus</span> <span class='ocrx_word' id='word_1_251' title='bbox 646 3283 680 3347; x_wconf 94' lang='lat' dir='ltr'>in</span> <span class='ocrx_word' id='word_1_252' title='bbox 702 3282 756 3348; x_wconf 88' lang='lat' dir='ltr'>illa</span> <span class='ocrx_word' id='word_1_253' title='bbox 778 3283 921 3365; x_wconf 84' lang='lat' dir='ltr'>longiore</span> <span class='ocrx_word' id='word_1_254' title='bbox 948 3288 980 3346; x_wconf 92' lang='lat' dir='ltr'>te</span> <span class='ocrx_word' id='word_1_255' title='bbox 1002 3300 1041 3345; x_wconf 90' lang='lat' dir='ltr'>ac</span> <span class='ocrx_word' id='word_1_256' title='bbox 1063 3300 1130 3364; x_wconf 90' lang='lat' dir='ltr'>per-</span> 
     </span>
    </p>

    <p class='ocr_par' dir='ltr' id='par_1_12' title="bbox 43 3384 1216 3887">
     <span class='ocr_line' id='line_1_31' title="bbox 43 3384 1130 3474; baseline -0.003 -24"><span class='ocrx_word' id='word_1_257' title='bbox 43 3401 73 3450; x_wconf 79' lang='grc'>30</span> <span class='ocrx_word' id='word_1_258' title='bbox 91 3396 187 3470; x_wconf 90' lang='lat' dir='ltr'>petua</span> <span class='ocrx_word' id='word_1_259' title='bbox 208 3389 424 3474; x_wconf 89' lang='lat' dir='ltr'>disputatione</span> <span class='ocrx_word' id='word_1_260' title='bbox 446 3387 606 3470; x_wconf 88' lang='lat' dir='ltr'>audiendi,</span> <span class='ocrx_word' id='word_1_261' title='bbox 629 3394 675 3468; x_wconf 93' lang='lat' dir='ltr'>ut,</span> <span class='ocrx_word' id='word_1_262' title='bbox 699 3388 726 3454; x_wconf 91' lang='lat' dir='ltr'>si</span> <span class='ocrx_word' id='word_1_263' title='bbox 752 3386 787 3451; x_wconf 92' lang='lat' dir='ltr'>id</span> <span class='ocrx_word' id='word_1_264' title='bbox 816 3387 895 3450; x_wconf 91' lang='lat' dir='ltr'>mihi</span> <span class='ocrx_word' id='word_1_265' title='bbox 924 3384 1029 3449; x_wconf 88' lang='lat' dir='ltr'>minus</span> <span class='ocrx_word' id='word_1_266' title='bbox 1060 3403 1130 3447; x_wconf 93' lang='lat' dir='ltr'>con-</span> 
     </span>
     <span class='ocr_line' id='line_1_32' title="bbox 90 3491 1129 3576; baseline -0.007 -18"><span class='ocrx_word' id='word_1_267' title='bbox 90 3492 200 3576; x_wconf 83' lang='lat' dir='ltr'>tingat,</span> <span class='ocrx_word' id='word_1_268' title='bbox 234 3494 287 3559; x_wconf 91' lang='lat' dir='ltr'>vel</span> <span class='ocrx_word' id='word_1_269' title='bbox 317 3494 378 3558; x_wconf 92' lang='lat' dir='ltr'>hoo</span> <span class='ocrx_word' id='word_1_270' title='bbox 408 3491 467 3556; x_wconf 90' lang='lat' dir='ltr'>sim</span> <span class='ocrx_word' id='word_1_271' title='bbox 501 3492 659 3558; x_wconf 88' lang='lat' dir='ltr'>cotidiano</span> <span class='ocrx_word' id='word_1_272' title='bbox 689 3498 742 3556; x_wconf 93' lang='lat' dir='ltr'>tuo</span> <span class='ocrx_word' id='word_1_273' title='bbox 774 3510 919 3556; x_wconf 88' lang='lat' dir='ltr'>sermone</span> <span class='ocrx_word' id='word_1_274' title='bbox 954 3491 1129 3553; x_wconf 84' lang='lat' dir='ltr'>contentus.</span> 
     </span>
     <span class='ocr_line' id='line_1_33' title="bbox 91 3589 1216 3683; baseline -0.003 -25"><span class='ocrx_word' id='word_1_275' title='bbox 91 3593 197 3679; x_wconf 90' lang='lat' dir='ltr'>itaque</span> <span class='ocrx_word' id='word_1_276' title='bbox 220 3598 367 3682; x_wconf 88' lang='lat' dir='ltr'>experiar</span> <span class='ocrx_word' id='word_1_277' title='bbox 394 3595 543 3678; x_wconf 93' lang='lat' dir='ltr'>equidem</span> <span class='ocrx_word' id='word_1_278' title='bbox 559 3594 669 3683; x_wconf 66' lang='lat' dir='ltr'>[illudq</span> <span class='ocrx_word' id='word_1_279' title='bbox 685 3601 720 3660; x_wconf 95' lang='lat' dir='ltr'>ut</span> <span class='ocrx_word' id='word_1_280' title='bbox 735 3615 776 3659; x_wconf 92' lang='lat' dir='ltr'>ne</span> <span class='ocrx_word' id='word_1_281' title='bbox 792 3593 950 3677; x_wconf 85' lang='lat' dir='ltr'>Sulpicius</span> <span class='ocrx_word' id='word_1_282' title='bbox 965 3589 1130 3656; x_wconf 89' lang='lat' dir='ltr'>familiaris</span> <span class='ocrx_word' id='word_1_283' title='bbox 1213 3608 1216 3621; x_wconf 92' lang='grc'><strong><em>·</em></strong></span> 
     </span>
     <span class='ocr_line' id='line_1_34' title="bbox 92 3692 1129 3782; baseline -0.008 -19"><span class='ocrx_word' id='word_1_284' title='bbox 92 3718 180 3766; x_wconf 89' lang='lat' dir='ltr'>mens</span> <span class='ocrx_word' id='word_1_285' title='bbox 201 3708 257 3767; x_wconf 85' lang='lat' dir='ltr'>aut</span> <span class='ocrx_word' id='word_1_286' title='bbox 280 3703 373 3767; x_wconf 80' lang='lat' dir='ltr'>Cotta</span> <span class='ocrx_word' id='word_1_287' title='bbox 394 3701 467 3782; x_wconf 93' lang='lat' dir='ltr'>plus</span> <span class='ocrx_word' id='word_1_288' title='bbox 489 3719 584 3781; x_wconf 89' lang='lat' dir='ltr'>quam</span> <span class='ocrx_word' id='word_1_289' title='bbox 600 3719 659 3782; x_wconf 85' lang='lat' dir='ltr'>ego</span> <span class='ocrx_word' id='word_1_290' title='bbox 674 3697 761 3780; x_wconf 92' lang='lat' dir='ltr'>apud</span> <span class='ocrx_word' id='word_1_291' title='bbox 775 3703 808 3760; x_wconf 90' lang='grc'>10</span> <span class='ocrx_word' id='word_1_292' title='bbox 823 3696 928 3761; x_wconf 89' lang='lat' dir='ltr'>valere</span> <span class='ocrx_word' id='word_1_293' title='bbox 952 3692 1129 3771; x_wconf 87' lang='lat' dir='ltr'>videantur,</span> 
     </span>
     <span class='ocr_line' id='line_1_35' title="bbox 93 3794 1129 3887; baseline -0.01 -21"><span class='ocrx_word' id='word_1_294' title='bbox 93 3808 125 3867; x_wconf 91' lang='lat' dir='ltr'>et</span> <span class='ocrx_word' id='word_1_295' title='bbox 146 3811 177 3870; x_wconf 88' lang='lat' dir='ltr'>te</span> <span class='ocrx_word' id='word_1_296' title='bbox 198 3804 338 3871; x_wconf 85' lang='lat' dir='ltr'>exorabo</span> <span class='ocrx_word' id='word_1_297' title='bbox 368 3801 510 3887; x_wconf 89' lang='lat' dir='ltr'>profecto</span> <span class='ocrx_word' id='word_1_298' title='bbox 539 3807 574 3865; x_wconf 88' lang='lat' dir='ltr'>ut</span> <span class='ocrx_word' id='word_1_299' title='bbox 603 3799 682 3864; x_wconf 91' lang='lat' dir='ltr'>mihi</span> <span class='ocrx_word' id='word_1_300' title='bbox 706 3817 830 3880; x_wconf 91' lang='lat' dir='ltr'>quoque</span> <span class='ocrx_word' id='word_1_301' title='bbox 859 3802 890 3860; x_wconf 91' lang='lat' dir='ltr'>et</span> <span class='ocrx_word' id='word_1_302' title='bbox 912 3794 1024 3858; x_wconf 82' lang='lat' dir='ltr'>Oatulo</span> <span class='ocrx_word' id='word_1_303' title='bbox 1055 3800 1129 3856; x_wconf 88' lang='lat' dir='ltr'>tuae</span> 
     </span>
    </p>
   </div>
   <div class='ocr_carea' id='block_1_3' title="bbox 1148 1909 1179 2029">
    <p class='ocr_par' dir='ltr' id='par_1_13' title="bbox 1148 1909 1179 2029">
     <span class='ocr_line' id='line_1_36' title="bbox 1155 1909 1173 1961; baseline 0 0"><span class='ocrx_word' id='word_1_304' title='bbox 1155 1909 1173 1961; x_wconf 84' lang='grc'>4</span> 
     </span>
     <span class='ocr_line' id='line_1_37' title="bbox 1148 1981 1179 2029; baseline 0 0"><span class='ocrx_word' id='word_1_305' title='bbox 1148 1981 1179 2029; x_wconf 80' lang='lat'>15</span> 
     </span>
    </p>
   </div>
   <div class='ocr_carea' id='block_1_4' title="bbox 0 0 1430 4110">
    <p class='ocr_par' dir='ltr' id='par_1_14' title="bbox 0 0 1430 4110">
     <span class='ocr_line' id='line_1_38' title="bbox 0 0 1430 4110; baseline 0 0"><span class='ocrx_word' id='word_1_306' title='bbox 0 0 1430 4110; x_wconf 95' lang='lat' dir='ltr'> </span> 
     </span>
    </p>
   </div>
  </div>
 </body>
</html>
