2866 4110
298 188 338 250 14
416 195 418 199 '
527 204 1101 288 LIBERI.CAP.12—13.§5l†56.

206 379 219 420 ³
295 377 486 443 tissimorum
509 377 629 444 sonitus
652 378 765 459 inanis,
794 378 884 442 nulla
913 379 1058 443 subiecta
1087 379 1245 444 sententia
1275 400 1331 444 nee

295 481 453 547 scicntia?
491 480 642 564 quiequid
669 481 727 545 erit
754 481 849 565 igitur
872 502 1070 565 quacumque
1094 503 1135 547 ex
1158 489 1236 560 arte,
1262 503 1330 565 quo·
1409 489 1410 564 ι

295 591 429 666 cumque
453 585 643 669 degenere,
667 585 835 667 oratorid,
860 586 887 650 si
918 592 1079 668 tamquam
1110 586 1234 652 clientis
1265 607 1331 651 oau-

295 707 362 752 sam
393 687 547 768 didicerit,
572 688 655 754 dicet
674 687 797 755 'melius
828 696 861 754 et
891 689 1031 755 ornatius
1061 710 1156 771 quam
1186 690 1254 774 ipse
1281 691 1331 755 ilie
1409 687 1410 696 ’

242 805 275 855 52
295 791 363 856 eius
393 792 438 855 rei
467 791 613 857 inventor
642 799 738 874 atque
767 793 893 859 artifex.
939 814 1013 858 nam
1041 794 1068 859 si
1096 793 1167 876 quis
1194 794 1253 858 erit
1280 795 1362 876 quis

294 893 355 960 hoc
385 895 480 976 dicat,
512 916 582 962 esse
612 896 766 978 quasdam
798 903 956 963 oratorum
985 896 1129 981 proprias
1159 898 1332 963 sententias
1409 899 1410 904 ’

294 1004 390 1080 atque
410 1019 522 1065 causas
546 1007 577 1064 et
600 992 755 1065 c‘ertarum
777 1020 881 1065 rerum
904 1000 1083 1066 forensibus
1106 999 1254 1067 cancellis
1278 1002 1332 1067 eir-

295 1102 518 1186 eumseriptam
549 1102 724 1185 scientiam,
756 1103 880 1170 fatebor
910 1103 1057 1186 equidem
1087 1103 1120 1169 in
1150 1104 1201 1170 his
1231 1105 1332 1188 magis
1409 1135 1410 1142 ι

295 1204 427 1270 adsidue
451 1207 570 1271 versari
593 1207 677 1271 hanc
699 1213 839 1273 nostram
862 1207 1049 1292 dictionem
1081 1207 1137 1274 sed
1166 1214 1272 1272 tamen
1300 1209 1332 1273 in

294 1308 345 1374 his
375 1309 452 1393 ipsis
482 1309 577 1375 rebus
607 1312 764 1394 permulta
793 1318 867 1376 sunt
899 1331 979 1394 quae
1010 1311 1071 1396 ipsi
1101 1311 1245 1396 magistri
1280 1314 1332 1394 qni
1352 1329 1383 1375 ro

242 1430 276 1476 53
294 1411 442 1477 rhetorici
470 1419 623 1478 vocantur·
649 1433 709 1478 nec
740 1413 869 1490 tradunt
900 1435 959 1480 neo
990 1421 1108 1480 tenent.
1155 1415 1225 1498 quis
1248 1417 1332 1480 enim

294 1515 396 1580 nescit
419 1515 590 1592 maximam
605 1516 670 1582 vim
695 1513 831 1582 existere
855 1519 985 1584 oratoris
1007 1518 1041 1583 in
1063 1519 1226 1584 hominum
1249 1513 1332 1585 men-

294 1619 379 1682 tibus
395 1620 448 1684 vel
461 1619 503 1683 ad
525 1621 605 1684 iram
627 1627 682 1684 aut
704 1620 745 1684 ad
769 1618 876 1686 odium
898 1627 954 1686 aut
975 1622 1018 1699 ad
1039 1623 1180 1688 dolorem
1202 1623 1333 1687 incitau-

295 1720 343 1788 dis
366 1723 423 1787 vel¹
440 1725 481 1789 ab
504 1723 593 1789 hisce
615 1724 728 1789 iisdem
747 1724 999 1814 'permotionibus
1022 1726 1063 1791 ad
1090 1727 1252 1791 lenitatem
1278 1728 1333 1792 mi·

294 1825 559 1909 sericordiamque
579 1828 792 1896 revocandis?
815 1850 907 1912 quae,
924 1831 985 1896 nisi
1009 1831 1062 1913 qui
1084 1837 1215 1895 naturas
1238 1829 1334 1894 homi·
1354 1847 1387 1893 15

294 1949 370 1994 num
392 1931 521 2013 vimque
544 1933 898 2000 omnemhumanitatis
929 1954 1104 2016 causasque
1135 1954 1189 1999 eas
1219 1933 1334 2015 quibus

294 2040 417 2099 mentes
443 2042 498 2099 aut
520 2036 692 2101 incitantur
714 2044 768 2102 aut
791 2037 995 2122 reflectuntur
1016 2038 1143 2121 penitus
1165 2057 1334 2121 perspexe-

241 2154 275 2202 54
294 2138 343 2218 rit,
360 2137 495 2202 dicendo
511 2138 594 2220 quod
617 2141 703 2205 volet
724 2141 874 2224 perticere
897 2161 961 2205 non
984 2139 1106 2222 poterit.
1131 2146 1226 2221 atque
1249 2147 1335 2208 totus

293 2239 345 2304 hio
372 2240 459 2305 loeus
487 2240 745 2326 philosophorum
771 2243 917 2327 proprius
946 2241 1080 2320 videtur,
1104 2260 1207 2323 neque
1230 2251 1336 2308 orator

293 2363 357 2407 me
366 2349 493 2407 auctore
516 2363 665 2426 nmquam
688 2345 896 2428 repugnabit5
866 2343 987 2424 t,sed
1005 2343 1161 2410 cumillis
1185 2346 1336 2429 cognitio-
1354 2365 1390 2413 eo

293 2464 366 2509 nem
396 2465 500 2510 rerum
531 2447 720 2543 concesserit
723 2445 873 2562 ,qupd
865 2467 898 2535 rp
921 2466 960 2510 ea
982 2445 1082 2510 solum
1108 2446 1152 2511 illi
1176 2449 1336 2514 voluerint

294 2548 466 2630 elaborare,
481 2498 806 2613 tractationem
737 2553 806 2612 orat
807 2538 898 2631 ionis,
923 2569 1004 2631 qnae
1032 2549 1100 2616 sine
1124 2551 1177 2615 illa
1199 2552 1336 2618 scientia

291 2653 379 2716 nulla
402 2659 459 2734 est,
472 2653 537 2718 sibi
560 2651 713 2717 adsumet.
745 2652 805 2717 hoc
828 2653 913 2718 enim
937 2660 985 2719 est
1006 2654 1167 2739 proprium
1189 2656 1335 2748 oratoris,

292 2754 376 2837 quod
407 2775 503 2840 saepe
533 2756 596 2820 iam
622 2755 708 2819 dixi:
743 2756 842 2821 oratio
864 2757 1026 2841 graviset
1049 2766 1161 2824 ornata
1184 2765 1214 2824 et
1236 2760 1336 2824 homi-

239 2854 275 2977 12⁹3
293 2879 368 2922 num
392 2859 538 2924 sensibus
561 2878 599 2924 ac
621 2859 781 2926 mentibus
803 2859 1054 2927 adcommodata
1087 2863 1202 2945 quibus
1224 2862 1264 2928 de
1288 2885 1337 2929 re·
1357 2883 1394 2931 ιο

239 2929 350 3027 5⁰bus
372 2961 633 3029 Aristotelemtct
654 2962 907 3047 Theophrastum
935 2966 1099 3050 scripsisse
1125 2965 1172 3030 fat
1160 2972 1244 3051 t3eor
1275 2968 1337 3033 sed

292 3065 367 3131 vide
393 3087 434 3132 ne
456 3065 525 3147 hoc,
550 3067 783 3147 Scaevolam
738 3073 837 3132 totum
860 3069 901 3133 sit
923 3089 943 3134 a
964 3089 1024 3134 me.
1071 3090 1145 3134 nam
1169 3090 1228 3154 ego
1251 3091 1338 3153 quae

294 3176 367 3235 sunt
389 3171 503 3235 oratori
527 3188 599 3235 oum
629 3169 690 3235 illis
723 3173 901 3237 eommunia
932 3193 996 3237 non
1026 3179 1150 3238 mutuor
1180 3174 1220 3237 ab
1251 3174 1336 3260 illis,

292 3275 344 3338 isti
375 3294 456 3357 quae
487 3274 527 3340 dc
559 3274 608 3339 his
637 3275 732 3339 rebus
759 3274 924 3359 disputant
946 3283 1104 3342 oratorum
1127 3296 1197 3342 esse
1224 3297 1338 3344 conce-

293 3377 388 3443 dunt:
412 3378 520 3460 itaque
544 3383 664 3444 ceteros
686 3378 783 3444 libros
806 3379 882 3444 artis
906 3399 981 3444 suae
1001 3380 1138 3460 nomine,
1153 3378 1211 3446 hos
1231 3381 1339 3448 rheto-
1358 3402 1394 3450 30

242 3482 375 3547 sericos
405 3489 437 3546 et
461 3481 642 3548 inscribunt
665 3489 696 3548 et
719 3482 890 3567 appellant.
931 3482 1048 3548 etenim
1071 3501 1143 3546 cum
1165 3482 1210 3548 illi
1233 3484 1266 3548 in
1291 3485 1340 3550 di-

293 3583 394 3650 cendo
423 3585 592 3650 inciderint
622 3586 692 3668 loci,
725 3585 811 3668 quod
839 3604 992 3670 persaepe
1023 3573 1138 3666 evenit,
1162 3591 1197 3650 ut
1220 3585 1261 3652 dc
1284 3587 1340 3654 dis

292 3688 530 3770 immortalibus,
557 3688 597 3754 de
626 3691 756 3774 pietate,
780 3688 820 3755 de
850 3687 1027 3768 concordia,
1051 3687 1091 3752 de
1117 3688 1268 3772 amicitia,
1294 3690 1339 3758 de

292 3791 451 3858 communi
483 3793 616 3876 civium,
646 3793 687 3860 de
716 3791 895 3872 hominum,
927 3791 966 3856 de
999 3790 1142 3875 gentium
1177 3791 1261 3874 iure,
1294 3794 1339 3860 de
1409 3831 1410 3860 ι
