<?xml version="1.0" encoding="UTF-8"?>
<!DOCTYPE html PUBLIC "-//W3C//DTD XHTML 1.0 Transitional//EN"
    "http://www.w3.org/TR/xhtml1/DTD/xhtml1-transitional.dtd">
<html xmlns="http://www.w3.org/1999/xhtml" xml:lang="en" lang="en">
 <head>
  <title>
</title>
<meta http-equiv="Content-Type" content="text/html;charset=utf-8" />
  <meta name='ocr-system' content='tesseract 3.04.00' />
  <meta name='ocr-capabilities' content='ocr_page ocr_carea ocr_par ocr_line ocrx_word'/>
</head>
<body>
  <div class='ocr_page' id='page_1' title='image "./mtulliciceronis21cicegoog_0173.png"; bbox 0 0 2834 4110; ppageno 0'>
   <div class='ocr_carea' id='block_1_1' title="bbox 285 187 1100 266">
    <p class='ocr_par' dir='ltr' id='par_1_1' title="bbox 285 187 1100 266">
     <span class='ocr_line' id='line_1_1' title="bbox 285 187 1100 266; baseline 0.009 -17"><span class='ocrx_word' id='word_1_1' title='bbox 285 187 346 252; x_wconf 81' lang='grc'><strong>158</strong></span> <span class='ocrx_word' id='word_1_2' title='bbox 506 203 618 257; x_wconf 83' lang='lat' dir='ltr'><strong>LIBER</strong></span> <span class='ocrx_word' id='word_1_3' title='bbox 630 203 665 256; x_wconf 88' lang='lat'><strong>11.</strong></span> <span class='ocrx_word' id='word_1_4' title='bbox 692 202 775 258; x_wconf 84' lang='lat' dir='ltr'><strong>OAP.</strong></span> <span class='ocrx_word' id='word_1_5' title='bbox 789 206 900 260; x_wconf 82' lang='lat'>80-81.</span> <span class='ocrx_word' id='word_1_6' title='bbox 926 204 1100 266; x_wconf 74' lang='lat'><strong>§329-333.</strong></span> 
     </span>
    </p>
   </div>
   <div class='ocr_carea' id='block_1_2' title="bbox 211 375 1381 3879">
    <p class='ocr_par' dir='ltr' id='par_1_2' title="bbox 283 375 1322 460">
     <span class='ocr_line' id='line_1_2' title="bbox 283 375 1322 460; baseline -0.004 -17"><span class='ocrx_word' id='word_1_7' title='bbox 283 379 309 443; x_wconf 92' lang='lat' dir='ltr'><strong>si</strong></span> <span class='ocrx_word' id='word_1_8' title='bbox 332 378 440 443; x_wconf 89' lang='lat' dir='ltr'><strong>verbis</strong></span> <span class='ocrx_word' id='word_1_9' title='bbox 462 377 596 458; x_wconf 87' lang='lat' dir='ltr'><strong>usitatis,</strong></span> <span class='ocrx_word' id='word_1_10' title='bbox 620 377 647 442; x_wconf 91' lang='lat' dir='ltr'><strong>si</strong></span> <span class='ocrx_word' id='word_1_11' title='bbox 669 376 780 441; x_wconf 86' lang='lat' dir='ltr'>ordine</span> <span class='ocrx_word' id='word_1_12' title='bbox 803 383 979 460; x_wconf 89' lang='lat' dir='ltr'><strong>temporum</strong></span> <span class='ocrx_word' id='word_1_13' title='bbox 995 381 1192 456; x_wconf 86' lang='lat' dir='ltr'><strong>conservato,</strong></span> <span class='ocrx_word' id='word_1_14' title='bbox 1216 375 1322 442; x_wconf 91' lang='lat' dir='ltr'><strong>sinon</strong></span> 
     </span>
    </p>

    <p class='ocr_par' dir='ltr' id='par_1_3' title="bbox 213 455 1381 1598">
     <span class='ocr_line' id='line_1_3' title="bbox 213 455 1323 577; baseline -0.003 -32"><span class='ocrx_word' id='word_1_15' title='bbox 213 455 264 577; x_wconf 48' lang='lat'><strong>53¹0</strong></span> <span class='ocrx_word' id='word_1_16' title='bbox 281 482 456 566; x_wconf 81' lang='lat' dir='ltr'>interrupte</span> <span class='ocrx_word' id='word_1_17' title='bbox 479 480 666 544; x_wconf 84' lang='lat' dir='ltr'><strong>narrabitur.</strong></span> <span class='ocrx_word' id='word_1_18' title='bbox 713 479 769 545; x_wconf 89' lang='lat' dir='ltr'><strong>sed</strong></span> <span class='ocrx_word' id='word_1_19' title='bbox 793 478 920 561; x_wconf 88' lang='lat' dir='ltr'><strong>quando</strong></span> <span class='ocrx_word' id='word_1_20' title='bbox 943 477 1096 544; x_wconf 89' lang='lat' dir='ltr'><strong>utendum</strong></span> <span class='ocrx_word' id='word_1_21' title='bbox 1120 478 1162 543; x_wconf 89' lang='lat' dir='ltr'><strong>sit</strong></span> <span class='ocrx_word' id='word_1_22' title='bbox 1179 485 1237 543; x_wconf 89' lang='lat' dir='ltr'><strong>aut</strong></span> <span class='ocrx_word' id='word_1_23' title='bbox 1258 498 1323 542; x_wconf 89' lang='lat' dir='ltr'><strong>non</strong></span> 
     </span>
     <span class='ocr_line' id='line_1_4' title="bbox 282 581 1323 664; baseline -0.003 -14"><span class='ocrx_word' id='word_1_24' title='bbox 282 585 323 650; x_wconf 89' lang='lat' dir='ltr'><strong>sit</strong></span> <span class='ocrx_word' id='word_1_25' title='bbox 346 584 536 664; x_wconf 70' lang='lat' dir='ltr'><strong>narratione,</strong></span> <span class='ocrx_word' id='word_1_26' title='bbox 560 582 592 646; x_wconf 92' lang='lat' dir='ltr'><strong>id</strong></span> <span class='ocrx_word' id='word_1_27' title='bbox 617 591 665 648; x_wconf 98' lang='grc' dir='ltr'><strong>θεῖ</strong></span> <span class='ocrx_word' id='word_1_28' title='bbox 687 583 819 648; x_wconf 90' lang='lat' dir='ltr'><strong>consilii.</strong></span> <span class='ocrx_word' id='word_1_29' title='bbox 865 601 969 664; x_wconf 87' lang='lat' dir='ltr'><strong>neque</strong></span> <span class='ocrx_word' id='word_1_30' title='bbox 1000 581 1085 646; x_wconf 90' lang='lat' dir='ltr'><strong>enim</strong></span> <span class='ocrx_word' id='word_1_31' title='bbox 1115 581 1143 646; x_wconf 91' lang='lat' dir='ltr'><strong>si</strong></span> <span class='ocrx_word' id='word_1_32' title='bbox 1174 587 1323 647; x_wconf 89' lang='lat' dir='ltr'><strong>notares</strong></span> 
     </span>
     <span class='ocr_line' id='line_1_5' title="bbox 282 685 1324 770; baseline -0.002 -18"><span class='ocrx_word' id='word_1_33' title='bbox 282 694 331 753; x_wconf 91' lang='lat' dir='ltr'><strong>cst</strong></span> <span class='ocrx_word' id='word_1_34' title='bbox 354 708 413 752; x_wconf 91' lang='lat' dir='ltr'><strong>nec</strong></span> <span class='ocrx_word' id='word_1_35' title='bbox 436 687 566 751; x_wconf 91' lang='lat' dir='ltr'><strong>dubium</strong></span> <span class='ocrx_word' id='word_1_36' title='bbox 597 685 672 768; x_wconf 93' lang='lat' dir='ltr'><strong>qnid</strong></span> <span class='ocrx_word' id='word_1_37' title='bbox 702 695 829 770; x_wconf 84' lang='lat' dir='ltr'><strong>gestum</strong></span> <span class='ocrx_word' id='word_1_38' title='bbox 858 686 908 766; x_wconf 90' lang='lat' dir='ltr'><strong>sit,</strong></span> <span class='ocrx_word' id='word_1_39' title='bbox 941 705 1069 750; x_wconf 88' lang='lat' dir='ltr'><strong>narrare</strong></span> <span class='ocrx_word' id='word_1_40' title='bbox 1099 691 1234 769; x_wconf 84' lang='lat' dir='ltr'><strong>oportet,</strong></span> <span class='ocrx_word' id='word_1_41' title='bbox 1264 705 1324 750; x_wconf 90' lang='lat' dir='ltr'><strong>nec</strong></span> 
     </span>
     <span class='ocr_line' id='line_1_6' title="bbox 282 789 1362 871; baseline -0.003 -14"><span class='ocrx_word' id='word_1_42' title='bbox 282 793 310 857; x_wconf 94' lang='lat' dir='ltr'><strong>si</strong></span> <span class='ocrx_word' id='word_1_43' title='bbox 332 791 533 858; x_wconf 90' lang='lat' dir='ltr'><strong>adversarius</strong></span> <span class='ocrx_word' id='word_1_44' title='bbox 555 791 704 870; x_wconf 90' lang='lat' dir='ltr'><strong>narravit,</strong></span> <span class='ocrx_word' id='word_1_45' title='bbox 728 791 790 856; x_wconf 92' lang='lat' dir='ltr'><strong>nisi</strong></span> <span class='ocrx_word' id='word_1_46' title='bbox 813 790 839 855; x_wconf 93' lang='lat' dir='ltr'><strong>si</strong></span> <span class='ocrx_word' id='word_1_47' title='bbox 861 789 1051 854; x_wconf 86' lang='lat' dir='ltr'><strong>refellemus.</strong></span> <span class='ocrx_word' id='word_1_48' title='bbox 1098 809 1137 854; x_wconf 89' lang='lat' dir='ltr'><strong>ac</strong></span> <span class='ocrx_word' id='word_1_49' title='bbox 1154 789 1324 871; x_wconf 89' lang='lat' dir='ltr'><strong>siquando</strong></span> <span class='ocrx_word' id='word_1_50' title='bbox 1345 799 1362 846; x_wconf 82' lang='lat'>5</span> 
     </span>
     <span class='ocr_line' id='line_1_7' title="bbox 283 894 1325 988; baseline -0.003 -27"><span class='ocrx_word' id='word_1_51' title='bbox 283 897 341 961; x_wconf 92' lang='lat' dir='ltr'><strong>erit</strong></span> <span class='ocrx_word' id='word_1_52' title='bbox 371 895 574 976; x_wconf 87' lang='lat' dir='ltr'><strong>narrandum,</strong></span> <span class='ocrx_word' id='word_1_53' title='bbox 604 915 664 960; x_wconf 92' lang='lat' dir='ltr'><strong>neo</strong></span> <span class='ocrx_word' id='word_1_54' title='bbox 694 895 747 959; x_wconf 86' lang='lat' dir='ltr'><strong>illa</strong></span> <span class='ocrx_word' id='word_1_55' title='bbox 777 915 859 977; x_wconf 93' lang='lat' dir='ltr'><strong>quae</strong></span> <span class='ocrx_word' id='word_1_56' title='bbox 894 894 1106 979; x_wconf 80' lang='lat' dir='ltr'><strong>suspicionem</strong></span> <span class='ocrx_word' id='word_1_57' title='bbox 1134 901 1174 988; x_wconf 89' lang='grc' dir='ltr'><strong>Ιθῖ</strong></span> <span class='ocrx_word' id='word_1_58' title='bbox 1206 895 1325 960; x_wconf 91' lang='lat' dir='ltr'><strong>crimen</strong></span> 
     </span>
     <span class='ocr_line' id='line_1_8' title="bbox 284 999 1326 1084; baseline 0 -21"><span class='ocrx_word' id='word_1_59' title='bbox 284 999 421 1064; x_wconf 86' lang='lat' dir='ltr'><strong>efficient</strong></span> <span class='ocrx_word' id='word_1_60' title='bbox 445 1007 615 1082; x_wconf 80' lang='lat' dir='ltr'><strong>contraque</strong></span> <span class='ocrx_word' id='word_1_61' title='bbox 638 1019 697 1065; x_wconf 91' lang='lat' dir='ltr'><strong>nos</strong></span> <span class='ocrx_word' id='word_1_62' title='bbox 712 1007 803 1064; x_wconf 91' lang='lat' dir='ltr'><strong>erunt</strong></span> <span class='ocrx_word' id='word_1_63' title='bbox 818 999 933 1064; x_wconf 91' lang='lat' dir='ltr'><strong>acriter</strong></span> <span class='ocrx_word' id='word_1_64' title='bbox 947 1018 1174 1084; x_wconf 88' lang='lat' dir='ltr'><strong>persequemur</strong></span> <span class='ocrx_word' id='word_1_65' title='bbox 1195 1006 1228 1064; x_wconf 93' lang='lat' dir='ltr'><strong>et</strong></span> <span class='ocrx_word' id='word_1_66' title='bbox 1243 999 1326 1080; x_wconf 92' lang='lat' dir='ltr'><strong>quic-</strong></span> 
     </span>
     <span class='ocr_line' id='line_1_9' title="bbox 283 1095 1324 1188; baseline -0.001 -21"><span class='ocrx_word' id='word_1_67' title='bbox 283 1103 359 1186; x_wconf 89' lang='lat' dir='ltr'><strong>quid</strong></span> <span class='ocrx_word' id='word_1_68' title='bbox 382 1103 520 1188; x_wconf 91' lang='lat' dir='ltr'><strong>potuerit</strong></span> <span class='ocrx_word' id='word_1_69' title='bbox 551 1103 771 1188; x_wconf 86' lang='lat' dir='ltr'><strong>detrahemus;</strong></span> <span class='ocrx_word' id='word_1_70' title='bbox 802 1122 843 1167; x_wconf 91' lang='lat' dir='ltr'><strong>ne</strong></span> <span class='ocrx_word' id='word_1_71' title='bbox 873 1101 961 1184; x_wconf 91' lang='lat' dir='ltr'><strong>illud,</strong></span> <span class='ocrx_word' id='word_1_72' title='bbox 997 1095 1083 1183; x_wconf 88' lang='lat' dir='ltr'><strong>quod</strong></span> <span class='ocrx_word' id='word_1_73' title='bbox 1117 1103 1262 1184; x_wconf 80' lang='lat' dir='ltr'><strong>Crassus,</strong></span> <span class='ocrx_word' id='word_1_74' title='bbox 1295 1102 1324 1168; x_wconf 92' lang='lat' dir='ltr'><strong>si</strong></span> 
     </span>
     <span class='ocr_line' id='line_1_10' title="bbox 284 1206 1326 1291; baseline 0.002 -21"><span class='ocrx_word' id='word_1_75' title='bbox 284 1206 410 1289; x_wconf 89' lang='lat' dir='ltr'><strong>quando</strong></span> <span class='ocrx_word' id='word_1_76' title='bbox 433 1207 499 1288; x_wconf 87' lang='lat' dir='ltr'><strong>fiat,</strong></span> <span class='ocrx_word' id='word_1_77' title='bbox 522 1207 666 1291; x_wconf 90' lang='lat' dir='ltr'><strong>perfidia,</strong></span> <span class='ocrx_word' id='word_1_78' title='bbox 690 1228 754 1272; x_wconf 91' lang='lat' dir='ltr'><strong>non</strong></span> <span class='ocrx_word' id='word_1_79' title='bbox 778 1207 910 1272; x_wconf 88' lang='lat' dir='ltr'><strong>stultitia</strong></span> <span class='ocrx_word' id='word_1_80' title='bbox 932 1206 1000 1272; x_wconf 89' lang='lat' dir='ltr'><strong>fieri</strong></span> <span class='ocrx_word' id='word_1_81' title='bbox 1023 1212 1124 1290; x_wconf 89' lang='lat' dir='ltr'><strong>putat,</strong></span> <span class='ocrx_word' id='word_1_82' title='bbox 1151 1212 1187 1270; x_wconf 89' lang='lat' dir='ltr'><strong>ut</strong></span> <span class='ocrx_word' id='word_1_83' title='bbox 1211 1227 1326 1272; x_wconf 89' lang='lat' dir='ltr'><strong>causae</strong></span> 
     </span>
     <span class='ocr_line' id='line_1_11' title="bbox 282 1309 1381 1395; baseline 0.001 -22"><span class='ocrx_word' id='word_1_84' title='bbox 282 1330 463 1391; x_wconf 90' lang='lat' dir='ltr'><strong>noceamus,</strong></span> <span class='ocrx_word' id='word_1_85' title='bbox 487 1310 620 1375; x_wconf 88' lang='lat' dir='ltr'><strong>accidat.</strong></span> <span class='ocrx_word' id='word_1_86' title='bbox 666 1331 741 1375; x_wconf 88' lang='lat' dir='ltr'><strong>nam</strong></span> <span class='ocrx_word' id='word_1_87' title='bbox 764 1310 805 1374; x_wconf 88' lang='lat' dir='ltr'><strong>ad</strong></span> <span class='ocrx_word' id='word_1_88' title='bbox 829 1330 983 1375; x_wconf 91' lang='lat' dir='ltr'><strong>summam</strong></span> <span class='ocrx_word' id='word_1_89' title='bbox 1006 1309 1103 1375; x_wconf 91' lang='lat' dir='ltr'><strong>totius</strong></span> <span class='ocrx_word' id='word_1_90' title='bbox 1126 1330 1244 1376; x_wconf 89' lang='lat' dir='ltr'><strong>causae</strong></span> <span class='ocrx_word' id='word_1_91' title='bbox 1259 1330 1326 1395; x_wconf 92' lang='lat' dir='ltr'><strong>per·</strong></span> <span class='ocrx_word' id='word_1_92' title='bbox 1349 1320 1381 1364; x_wconf 88' lang='lat'><strong>10</strong></span> 
     </span>
     <span class='ocr_line' id='line_1_12' title="bbox 283 1413 1327 1495; baseline 0.001 -18"><span class='ocrx_word' id='word_1_93' title='bbox 283 1414 363 1477; x_wconf 90' lang='lat' dir='ltr'><strong>tinet</strong></span> <span class='ocrx_word' id='word_1_94' title='bbox 394 1420 486 1478; x_wconf 89' lang='lat' dir='ltr'><strong>caute</strong></span> <span class='ocrx_word' id='word_1_95' title='bbox 513 1432 554 1476; x_wconf 91' lang='lat' dir='ltr'><strong>an</strong></span> <span class='ocrx_word' id='word_1_96' title='bbox 578 1419 687 1479; x_wconf 89' lang='lat' dir='ltr'><strong>contra</strong></span> <span class='ocrx_word' id='word_1_97' title='bbox 717 1413 932 1479; x_wconf 88' lang='lat' dir='ltr'><strong>demonstrata</strong></span> <span class='ocrx_word' id='word_1_98' title='bbox 962 1433 1012 1478; x_wconf 91' lang='lat' dir='ltr'><strong>res</strong></span> <span class='ocrx_word' id='word_1_99' title='bbox 1036 1413 1085 1494; x_wconf 90' lang='lat' dir='ltr'><strong>sit,</strong></span> <span class='ocrx_word' id='word_1_100' title='bbox 1114 1413 1200 1495; x_wconf 92' lang='lat' dir='ltr'><strong>qnod</strong></span> <span class='ocrx_word' id='word_1_101' title='bbox 1224 1414 1327 1478; x_wconf 91' lang='lat' dir='ltr'><strong>omnis</strong></span> 
     </span>
     <span class='ocr_line' id='line_1_13' title="bbox 284 1515 937 1598; baseline -0.002 -17"><span class='ocrx_word' id='word_1_102' title='bbox 284 1516 437 1582; x_wconf 89' lang='lat' dir='ltr'><strong>orationis</strong></span> <span class='ocrx_word' id='word_1_103' title='bbox 460 1516 601 1598; x_wconf 92' lang='lat' dir='ltr'><strong>reliquae</strong></span> <span class='ocrx_word' id='word_1_104' title='bbox 622 1515 695 1582; x_wconf 90' lang='lat' dir='ltr'><strong>fons</strong></span> <span class='ocrx_word' id='word_1_105' title='bbox 718 1524 766 1582; x_wconf 91' lang='lat' dir='ltr'><strong>est</strong></span> <span class='ocrx_word' id='word_1_106' title='bbox 788 1517 937 1581; x_wconf 88' lang='lat' dir='ltr'><strong>narratio.</strong></span> 
     </span>
    </p>

    <p class='ocr_par' dir='ltr' id='par_1_4' title="bbox 215 1619 1379 2532">
     <span class='ocr_line' id='line_1_14' title="bbox 215 1619 1327 1704; baseline -0.002 -19"><span class='ocrx_word' id='word_1_107' title='bbox 215 1629 263 1678; x_wconf 83' lang='lat'><strong>331</strong></span> <span class='ocrx_word' id='word_1_108' title='bbox 388 1619 537 1702; x_wconf 84' lang='lat' dir='ltr'><strong>Sequitur</strong></span> <span class='ocrx_word' id='word_1_109' title='bbox 565 1627 600 1684; x_wconf 86' lang='lat' dir='ltr'><strong>ut</strong></span> <span class='ocrx_word' id='word_1_110' title='bbox 630 1640 725 1685; x_wconf 86' lang='lat' dir='ltr'><strong>causa</strong></span> <span class='ocrx_word' id='word_1_111' title='bbox 756 1627 901 1704; x_wconf 88' lang='lat' dir='ltr'><strong>ponatur,</strong></span> <span class='ocrx_word' id='word_1_112' title='bbox 932 1620 965 1684; x_wconf 93' lang='lat' dir='ltr'><strong>in</strong></span> <span class='ocrx_word' id='word_1_113' title='bbox 990 1639 1051 1701; x_wconf 93' lang='lat' dir='ltr'><strong>quo</strong></span> <span class='ocrx_word' id='word_1_114' title='bbox 1074 1619 1250 1685; x_wconf 89' lang='lat' dir='ltr'><strong>videndum</strong></span> <span class='ocrx_word' id='word_1_115' title='bbox 1279 1627 1327 1686; x_wconf 89' lang='lat' dir='ltr'><strong>est</strong></span> 
     </span>
     <span class='ocr_line' id='line_1_15' title="bbox 285 1723 1327 1807; baseline 0 -20"><span class='ocrx_word' id='word_1_116' title='bbox 285 1723 362 1806; x_wconf 92' lang='lat' dir='ltr'><strong>quid</strong></span> <span class='ocrx_word' id='word_1_117' title='bbox 385 1723 418 1787; x_wconf 94' lang='lat' dir='ltr'><strong>in</strong></span> <span class='ocrx_word' id='word_1_118' title='bbox 442 1723 688 1789; x_wconf 87' lang='lat' dir='ltr'><strong>controversiam</strong></span> <span class='ocrx_word' id='word_1_119' title='bbox 711 1723 829 1788; x_wconf 91' lang='lat' dir='ltr'><strong>veniat.</strong></span> <span class='ocrx_word' id='word_1_120' title='bbox 877 1730 944 1787; x_wconf 90' lang='lat' dir='ltr'><strong>tum</strong></span> <span class='ocrx_word' id='word_1_121' title='bbox 967 1723 1167 1807; x_wconf 82' lang='lat' dir='ltr'><strong>suggerenda</strong></span> <span class='ocrx_word' id='word_1_122' title='bbox 1189 1730 1264 1789; x_wconf 89' lang='lat' dir='ltr'><strong>sunt</strong></span> <span class='ocrx_word' id='word_1_123' title='bbox 1279 1724 1327 1788; x_wconf 89' lang='lat' dir='ltr'><strong>fir-</strong></span> 
     </span>
     <span class='ocr_line' id='line_1_16' title="bbox 284 1825 1379 1892; baseline -0.003 -1"><span class='ocrx_word' id='word_1_124' title='bbox 284 1833 446 1892; x_wconf 89' lang='lat' dir='ltr'><strong>mamenta</strong></span> <span class='ocrx_word' id='word_1_125' title='bbox 468 1845 583 1891; x_wconf 88' lang='lat' dir='ltr'><strong>causae</strong></span> <span class='ocrx_word' id='word_1_126' title='bbox 611 1827 778 1891; x_wconf 89' lang='lat' dir='ltr'><strong>coniuncte</strong></span> <span class='ocrx_word' id='word_1_127' title='bbox 809 1833 841 1891; x_wconf 93' lang='lat' dir='ltr'><strong>et</strong></span> <span class='ocrx_word' id='word_1_128' title='bbox 870 1825 1068 1892; x_wconf 88' lang='lat' dir='ltr'><strong>infirmandis</strong></span> <span class='ocrx_word' id='word_1_129' title='bbox 1099 1828 1265 1892; x_wconf 78' lang='lat' dir='ltr'><strong>contrariis</strong></span> <span class='ocrx_word' id='word_1_130' title='bbox 1295 1834 1328 1891; x_wconf 92' lang='lat' dir='ltr'><strong>et</strong></span> <span class='ocrx_word' id='word_1_131' title='bbox 1348 1843 1379 1889; x_wconf 84' lang='lat'><strong>15</strong></span> 
     </span>
     <span class='ocr_line' id='line_1_17' title="bbox 284 1927 1327 2018; baseline 0.001 -24"><span class='ocrx_word' id='word_1_132' title='bbox 284 1930 347 1995; x_wconf 90' lang='lat' dir='ltr'><strong>tuis</strong></span> <span class='ocrx_word' id='word_1_133' title='bbox 372 1927 504 2018; x_wconf 74' lang='lat' dir='ltr'><strong>[alienis]</strong></span> <span class='ocrx_word' id='word_1_134' title='bbox 530 1928 762 1995; x_wconf 89' lang='lat' dir='ltr'><strong>confirmandis.</strong></span> <span class='ocrx_word' id='word_1_135' title='bbox 809 1949 947 2011; x_wconf 89' lang='lat' dir='ltr'><strong>namque</strong></span> <span class='ocrx_word' id='word_1_136' title='bbox 970 1929 1090 1994; x_wconf 85' lang='lat' dir='ltr'><strong>unuin</strong></span> <span class='ocrx_word' id='word_1_137' title='bbox 1114 1931 1219 1995; x_wconf 87' lang='lat' dir='ltr'><strong>causis</strong></span> <span class='ocrx_word' id='word_1_138' title='bbox 1246 1931 1327 1995; x_wconf 89' lang='lat' dir='ltr'><strong>ratio</strong></span> 
     </span>
     <span class='ocr_line' id='line_1_18' title="bbox 285 2033 1328 2118; baseline 0 -20"><span class='ocrx_word' id='word_1_139' title='bbox 285 2033 442 2115; x_wconf 89' lang='lat' dir='ltr'><strong>quaedam</strong></span> <span class='ocrx_word' id='word_1_140' title='bbox 472 2040 520 2098; x_wconf 89' lang='lat' dir='ltr'><strong>est</strong></span> <span class='ocrx_word' id='word_1_141' title='bbox 550 2034 618 2098; x_wconf 93' lang='lat' dir='ltr'><strong>eius</strong></span> <span class='ocrx_word' id='word_1_142' title='bbox 649 2033 799 2098; x_wconf 89' lang='lat' dir='ltr'><strong>orationis</strong></span> <span class='ocrx_word' id='word_1_143' title='bbox 829 2053 911 2115; x_wconf 92' lang='lat' dir='ltr'><strong>quae</strong></span> <span class='ocrx_word' id='word_1_144' title='bbox 942 2033 984 2097; x_wconf 90' lang='lat' dir='ltr'><strong>ad</strong></span> <span class='ocrx_word' id='word_1_145' title='bbox 1010 2033 1209 2117; x_wconf 87' lang='lat' dir='ltr'><strong>probandam</strong></span> <span class='ocrx_word' id='word_1_146' title='bbox 1236 2054 1328 2118; x_wconf 79' lang='lat' dir='ltr'><strong>argu-</strong></span> 
     </span>
     <span class='ocr_line' id='line_1_19' title="bbox 286 2136 1328 2203; baseline 0.001 -2"><span class='ocrx_word' id='word_1_147' title='bbox 286 2137 511 2202; x_wconf 89' lang='lat' dir='ltr'><strong>mentationem</strong></span> <span class='ocrx_word' id='word_1_148' title='bbox 534 2138 628 2202; x_wconf 90' lang='lat' dir='ltr'><strong>valet.</strong></span> <span class='ocrx_word' id='word_1_149' title='bbox 675 2157 713 2202; x_wconf 91' lang='lat' dir='ltr'><strong>ea</strong></span> <span class='ocrx_word' id='word_1_150' title='bbox 736 2143 842 2201; x_wconf 89' lang='lat' dir='ltr'><strong>autem</strong></span> <span class='ocrx_word' id='word_1_151' title='bbox 873 2143 904 2201; x_wconf 92' lang='lat' dir='ltr'><strong>et</strong></span> <span class='ocrx_word' id='word_1_152' title='bbox 928 2136 1198 2202; x_wconf 88' lang='lat' dir='ltr'><strong>confirmationem</strong></span> <span class='ocrx_word' id='word_1_153' title='bbox 1228 2145 1260 2203; x_wconf 93' lang='lat' dir='ltr'><strong>et</strong></span> <span class='ocrx_word' id='word_1_154' title='bbox 1282 2159 1328 2202; x_wconf 93' lang='lat' dir='ltr'><strong>re·</strong></span> 
     </span>
     <span class='ocr_line' id='line_1_20' title="bbox 285 2241 1327 2326; baseline 0 -20"><span class='ocrx_word' id='word_1_155' title='bbox 285 2241 530 2326; x_wconf 90' lang='lat' dir='ltr'><strong>prehensionem</strong></span> <span class='ocrx_word' id='word_1_156' title='bbox 553 2242 693 2326; x_wconf 86' lang='lat' dir='ltr'><strong>quaerit;</strong></span> <span class='ocrx_word' id='word_1_157' title='bbox 718 2241 775 2306; x_wconf 91' lang='lat' dir='ltr'><strong>sed</strong></span> <span class='ocrx_word' id='word_1_158' title='bbox 800 2241 874 2323; x_wconf 91' lang='lat' dir='ltr'><strong>quia</strong></span> <span class='ocrx_word' id='word_1_159' title='bbox 895 2261 1000 2323; x_wconf 90' lang='lat' dir='ltr'><strong>neque</strong></span> <span class='ocrx_word' id='word_1_160' title='bbox 1029 2241 1221 2325; x_wconf 87' lang='lat' dir='ltr'><strong>reprehendi</strong></span> <span class='ocrx_word' id='word_1_161' title='bbox 1245 2261 1327 2324; x_wconf 95' lang='lat' dir='ltr'><strong>quae</strong></span> 
     </span>
     <span class='ocr_line' id='line_1_21' title="bbox 287 2344 1377 2429; baseline -0.005 -19"><span class='ocrx_word' id='word_1_162' title='bbox 287 2352 395 2410; x_wconf 89' lang='lat' dir='ltr'><strong>contra</strong></span> <span class='ocrx_word' id='word_1_163' title='bbox 418 2345 565 2409; x_wconf 88' lang='lat' dir='ltr'><strong>dicuntur</strong></span> <span class='ocrx_word' id='word_1_164' title='bbox 587 2353 729 2429; x_wconf 90' lang='lat' dir='ltr'><strong>possunt,</strong></span> <span class='ocrx_word' id='word_1_165' title='bbox 753 2345 815 2410; x_wconf 91' lang='lat' dir='ltr'><strong>nisi</strong></span> <span class='ocrx_word' id='word_1_166' title='bbox 837 2353 892 2410; x_wconf 91' lang='lat' dir='ltr'><strong>tua</strong></span> <span class='ocrx_word' id='word_1_167' title='bbox 914 2344 1091 2427; x_wconf 89' lang='lat' dir='ltr'><strong>confirmes,</strong></span> <span class='ocrx_word' id='word_1_168' title='bbox 1120 2365 1225 2428; x_wconf 88' lang='lat' dir='ltr'><strong>neque</strong></span> <span class='ocrx_word' id='word_1_169' title='bbox 1248 2346 1328 2412; x_wconf 87' lang='lat' dir='ltr'><strong>haec</strong></span> <span class='ocrx_word' id='word_1_170' title='bbox 1346 2359 1377 2408; x_wconf 84' lang='lat' dir='ltr'><strong>ao</strong></span> 
     </span>
     <span class='ocr_line' id='line_1_22' title="bbox 287 2447 1327 2532; baseline 0.003 -20"><span class='ocrx_word' id='word_1_171' title='bbox 287 2448 475 2528; x_wconf 90' lang='lat' dir='ltr'><strong>confirmari,</strong></span> <span class='ocrx_word' id='word_1_172' title='bbox 499 2449 560 2513; x_wconf 91' lang='lat' dir='ltr'><strong>nisi</strong></span> <span class='ocrx_word' id='word_1_173' title='bbox 583 2449 638 2511; x_wconf 93' lang='lat' dir='ltr'><strong>illa</strong></span> <span class='ocrx_word' id='word_1_174' title='bbox 659 2447 885 2532; x_wconf 85' lang='lat' dir='ltr'><strong>reprehendas,</strong></span> <span class='ocrx_word' id='word_1_175' title='bbox 907 2448 1025 2514; x_wconf 91' lang='lat' dir='ltr'><strong>idcirco</strong></span> <span class='ocrx_word' id='word_1_176' title='bbox 1053 2449 1133 2514; x_wconf 88' lang='lat' dir='ltr'><strong>baec</strong></span> <span class='ocrx_word' id='word_1_177' title='bbox 1155 2455 1187 2514; x_wconf 92' lang='lat' dir='ltr'><strong>et</strong></span> <span class='ocrx_word' id='word_1_178' title='bbox 1214 2458 1327 2515; x_wconf 90' lang='lat' dir='ltr'><strong>natura</strong></span> 
     </span>
    </p>

    <p class='ocr_par' dir='ltr' id='par_1_5' title="bbox 218 2551 1377 3135">
     <span class='ocr_line' id='line_1_23' title="bbox 218 2551 1328 2620; baseline 0.004 -4"><span class='ocrx_word' id='word_1_179' title='bbox 218 2561 268 2609; x_wconf 79' lang='lat'><strong>332</strong></span> <span class='ocrx_word' id='word_1_180' title='bbox 287 2559 318 2616; x_wconf 91' lang='lat' dir='ltr'><strong>et</strong></span> <span class='ocrx_word' id='word_1_181' title='bbox 341 2551 476 2616; x_wconf 91' lang='lat' dir='ltr'><strong>utilitate</strong></span> <span class='ocrx_word' id='word_1_182' title='bbox 500 2558 532 2615; x_wconf 90' lang='lat' dir='ltr'><strong>et</strong></span> <span class='ocrx_word' id='word_1_183' title='bbox 554 2551 742 2616; x_wconf 88' lang='lat' dir='ltr'><strong>tractatione</strong></span> <span class='ocrx_word' id='word_1_184' title='bbox 767 2552 934 2616; x_wconf 90' lang='lat' dir='ltr'><strong>coniuncta</strong></span> <span class='ocrx_word' id='word_1_185' title='bbox 956 2559 1037 2617; x_wconf 86' lang='lat' dir='ltr'><strong>sunt.</strong></span> <span class='ocrx_word' id='word_1_186' title='bbox 1087 2554 1194 2617; x_wconf 90' lang='lat' dir='ltr'><strong>omnia</strong></span> <span class='ocrx_word' id='word_1_187' title='bbox 1221 2565 1328 2620; x_wconf 90' lang='lat' dir='ltr'><strong>autem</strong></span> 
     </span>
     <span class='ocr_line' id='line_1_24' title="bbox 287 2653 1328 2739; baseline 0.005 -20"><span class='ocrx_word' id='word_1_188' title='bbox 287 2653 506 2719; x_wconf 87' lang='lat' dir='ltr'><strong>concludenda</strong></span> <span class='ocrx_word' id='word_1_189' title='bbox 528 2654 713 2737; x_wconf 91' lang='lat' dir='ltr'><strong>plerumque</strong></span> <span class='ocrx_word' id='word_1_190' title='bbox 736 2657 831 2720; x_wconf 90' lang='lat' dir='ltr'><strong>rebus</strong></span> <span class='ocrx_word' id='word_1_191' title='bbox 853 2656 1010 2739; x_wconf 80' lang='lat' dir='ltr'><strong>augendis</strong></span> <span class='ocrx_word' id='word_1_192' title='bbox 1033 2657 1085 2721; x_wconf 86' lang='lat' dir='ltr'><strong>vel</strong></span> <span class='ocrx_word' id='word_1_193' title='bbox 1099 2656 1328 2724; x_wconf 89' lang='lat' dir='ltr'><strong>inflammando</strong></span> 
     </span>
     <span class='ocr_line' id='line_1_25' title="bbox 286 2756 1329 2844; baseline 0.005 -21"><span class='ocrx_word' id='word_1_194' title='bbox 286 2764 360 2823; x_wconf 91' lang='lat' dir='ltr'><strong>sunt</strong></span> <span class='ocrx_word' id='word_1_195' title='bbox 382 2756 487 2822; x_wconf 90' lang='lat' dir='ltr'><strong>iudice</strong></span> <span class='ocrx_word' id='word_1_196' title='bbox 509 2757 561 2822; x_wconf 86' lang='lat' dir='ltr'><strong>vel</strong></span> <span class='ocrx_word' id='word_1_197' title='bbox 591 2757 785 2842; x_wconf 79' lang='lat' dir='ltr'><strong>mitigand03</strong></span> <span class='ocrx_word' id='word_1_198' title='bbox 815 2760 983 2841; x_wconf 91' lang='lat' dir='ltr'><strong>omniaque</strong></span> <span class='ocrx_word' id='word_1_199' title='bbox 1015 2780 1087 2824; x_wconf 91' lang='lat' dir='ltr'><strong>cum</strong></span> <span class='ocrx_word' id='word_1_200' title='bbox 1114 2762 1329 2844; x_wconf 91' lang='lat' dir='ltr'><strong>superioribus</strong></span> 
     </span>
     <span class='ocr_line' id='line_1_26' title="bbox 287 2860 1377 2932; baseline -0.002 -6"><span class='ocrx_word' id='word_1_201' title='bbox 287 2862 438 2926; x_wconf 87' lang='lat' dir='ltr'><strong>orationis</strong></span> <span class='ocrx_word' id='word_1_202' title='bbox 460 2860 537 2925; x_wconf 93' lang='lat' dir='ltr'><strong>locis</strong></span> <span class='ocrx_word' id='word_1_203' title='bbox 560 2867 625 2925; x_wconf 87' lang='lat' dir='ltr'><strong>tum</strong></span> <span class='ocrx_word' id='word_1_204' title='bbox 650 2861 789 2925; x_wconf 85' lang='lat' dir='ltr'><strong>maxime</strong></span> <span class='ocrx_word' id='word_1_205' title='bbox 812 2868 954 2927; x_wconf 83' lang='lat' dir='ltr'><strong>extremo</strong></span> <span class='ocrx_word' id='word_1_206' title='bbox 982 2863 1024 2928; x_wconf 89' lang='lat' dir='ltr'><strong>ad</strong></span> <span class='ocrx_word' id='word_1_207' title='bbox 1046 2864 1162 2930; x_wconf 89' lang='lat' dir='ltr'><strong>mentis</strong></span> <span class='ocrx_word' id='word_1_208' title='bbox 1189 2865 1328 2932; x_wconf 90' lang='lat' dir='ltr'><strong>iudicum</strong></span> <span class='ocrx_word' id='word_1_209' title='bbox 1347 2873 1377 2924; x_wconf 78' lang='grc'><strong>33</strong></span> 
     </span>
     <span class='ocr_line' id='line_1_27' title="bbox 287 2964 1329 3049; baseline 0.005 -20"><span class='ocrx_word' id='word_1_210' title='bbox 287 2985 383 3047; x_wconf 91' lang='lat' dir='ltr'><strong>quam</strong></span> <span class='ocrx_word' id='word_1_211' title='bbox 417 2965 556 3030; x_wconf 84' lang='lat' dir='ltr'><strong>maxime</strong></span> <span class='ocrx_word' id='word_1_212' title='bbox 587 2964 819 3049; x_wconf 89' lang='lat' dir='ltr'><strong>permovendas</strong></span> <span class='ocrx_word' id='word_1_213' title='bbox 853 2972 884 3031; x_wconf 91' lang='lat' dir='ltr'><strong>et</strong></span> <span class='ocrx_word' id='word_1_214' title='bbox 917 2966 959 3031; x_wconf 88' lang='lat' dir='ltr'><strong>ad</strong></span> <span class='ocrx_word' id='word_1_215' title='bbox 993 2968 1162 3033; x_wconf 89' lang='lat' dir='ltr'><strong>utilitatem</strong></span> <span class='ocrx_word' id='word_1_216' title='bbox 1189 2978 1329 3036; x_wconf 89' lang='lat' dir='ltr'><strong>nostram</strong></span> 
     </span>
     <span class='ocr_line' id='line_1_28' title="bbox 287 3067 769 3135; baseline 0 -1"><span class='ocrx_word' id='word_1_217' title='bbox 287 3067 449 3134; x_wconf 87' lang='lat' dir='ltr'><strong>vocandas</strong></span> <span class='ocrx_word' id='word_1_218' title='bbox 472 3069 664 3134; x_wconf 83' lang='lat' dir='ltr'><strong>conferenda</strong></span> <span class='ocrx_word' id='word_1_219' title='bbox 687 3076 769 3135; x_wconf 91' lang='lat' dir='ltr'><strong>sunt.</strong></span> 
     </span>
    </p>

    <p class='ocr_par' dir='ltr' id='par_1_6' title="bbox 218 3173 1373 3569">
     <span class='ocr_line' id='line_1_29' title="bbox 218 3173 1328 3264; baseline 0.008 -33"><span class='ocrx_word' id='word_1_220' title='bbox 218 3183 268 3231; x_wconf 89' lang='grc'><strong>333</strong></span> <span class='ocrx_word' id='word_1_221' title='bbox 391 3173 504 3254; x_wconf 89' lang='lat' dir='ltr'><strong>Neque</strong></span> <span class='ocrx_word' id='word_1_222' title='bbox 528 3192 605 3237; x_wconf 87' lang='lat' dir='ltr'><strong>sane</strong></span> <span class='ocrx_word' id='word_1_223' title='bbox 627 3173 692 3237; x_wconf 92' lang='lat' dir='ltr'><strong>iam</strong></span> <span class='ocrx_word' id='word_1_224' title='bbox 716 3193 812 3264; x_wconf 78' lang='lat' dir='ltr'><strong>causa</strong></span> <span class='ocrx_word' id='word_1_225' title='bbox 826 3173 951 3238; x_wconf 87' lang='lat' dir='ltr'><strong>videtur</strong></span> <span class='ocrx_word' id='word_1_226' title='bbox 967 3193 1038 3239; x_wconf 92' lang='lat' dir='ltr'><strong>esse</strong></span> <span class='ocrx_word' id='word_1_227' title='bbox 1055 3195 1109 3239; x_wconf 90' lang='lat' dir='ltr'><strong>cur</strong></span> <span class='ocrx_word' id='word_1_228' title='bbox 1125 3195 1328 3242; x_wconf 87' lang='lat' dir='ltr'><strong>secernamus</strong></span> 
     </span>
     <span class='ocr_line' id='line_1_30' title="bbox 288 3274 1328 3360; baseline 0 -18"><span class='ocrx_word' id='word_1_229' title='bbox 288 3297 327 3342; x_wconf 91' lang='lat' dir='ltr'><strong>ea</strong></span> <span class='ocrx_word' id='word_1_230' title='bbox 338 3282 509 3360; x_wconf 88' lang='lat' dir='ltr'><strong>praccepta</strong></span> <span class='ocrx_word' id='word_1_231' title='bbox 525 3295 607 3358; x_wconf 86' lang='lat' dir='ltr'><strong>quae</strong></span> <span class='ocrx_word' id='word_1_232' title='bbox 622 3274 662 3339; x_wconf 90' lang='lat' dir='ltr'><strong>de</strong></span> <span class='ocrx_word' id='word_1_233' title='bbox 679 3277 880 3342; x_wconf 87' lang='lat' dir='ltr'><strong>suasionibus</strong></span> <span class='ocrx_word' id='word_1_234' title='bbox 895 3276 1052 3341; x_wconf 87' lang='lat' dir='ltr'><strong>tradenda</strong></span> <span class='ocrx_word' id='word_1_235' title='bbox 1067 3286 1140 3343; x_wconf 89' lang='lat' dir='ltr'><strong>sunt</strong></span> <span class='ocrx_word' id='word_1_236' title='bbox 1155 3287 1211 3344; x_wconf 91' lang='lat' dir='ltr'><strong>aut</strong></span> <span class='ocrx_word' id='word_1_237' title='bbox 1226 3279 1328 3344; x_wconf 90' lang='lat' dir='ltr'><strong>lauda-</strong></span> 
     </span>
     <span class='ocr_line' id='line_1_31' title="bbox 287 3380 1373 3464; baseline 0.001 -19"><span class='ocrx_word' id='word_1_238' title='bbox 287 3381 436 3446; x_wconf 85' lang='lat' dir='ltr'><strong>tionibus.</strong></span> <span class='ocrx_word' id='word_1_239' title='bbox 476 3385 549 3445; x_wconf 89' lang='lat' dir='ltr'><strong>sunt</strong></span> <span class='ocrx_word' id='word_1_240' title='bbox 572 3380 656 3443; x_wconf 91' lang='lat' dir='ltr'><strong>enim</strong></span> <span class='ocrx_word' id='word_1_241' title='bbox 673 3380 824 3463; x_wconf 88' lang='lat' dir='ltr'><strong>pleraque</strong></span> <span class='ocrx_word' id='word_1_242' title='bbox 840 3381 1034 3464; x_wconf 88' lang='lat' dir='ltr'><strong>communia;</strong></span> <span class='ocrx_word' id='word_1_243' title='bbox 1059 3381 1116 3446; x_wconf 90' lang='lat' dir='ltr'><strong>sed</strong></span> <span class='ocrx_word' id='word_1_244' title='bbox 1138 3389 1246 3447; x_wconf 91' lang='lat' dir='ltr'><strong>tamen</strong></span> <span class='ocrx_word' id='word_1_245' title='bbox 1263 3403 1328 3449; x_wconf 89' lang='lat' dir='ltr'><strong>sua·</strong></span> <span class='ocrx_word' id='word_1_246' title='bbox 1345 3393 1373 3440; x_wconf 75' lang='lat'><strong>³⁰</strong></span> 
     </span>
     <span class='ocr_line' id='line_1_32' title="bbox 289 3481 1328 3569; baseline 0.005 -24"><span class='ocrx_word' id='word_1_247' title='bbox 289 3482 364 3546; x_wconf 89' lang='lat' dir='ltr'><strong>dere</strong></span> <span class='ocrx_word' id='word_1_248' title='bbox 394 3483 515 3564; x_wconf 92' lang='lat' dir='ltr'><strong>aliquid</strong></span> <span class='ocrx_word' id='word_1_249' title='bbox 544 3488 599 3546; x_wconf 91' lang='lat' dir='ltr'><strong>aut</strong></span> <span class='ocrx_word' id='word_1_250' title='bbox 622 3481 807 3548; x_wconf 89' lang='lat' dir='ltr'><strong>dissuadere</strong></span> <span class='ocrx_word' id='word_1_251' title='bbox 836 3483 1045 3565; x_wconf 87' lang='lat' dir='ltr'><strong>gravissimae</strong></span> <span class='ocrx_word' id='word_1_252' title='bbox 1068 3485 1146 3549; x_wconf 94' lang='lat' dir='ltr'><strong>mihi</strong></span> <span class='ocrx_word' id='word_1_253' title='bbox 1173 3505 1328 3569; x_wconf 90' lang='lat' dir='ltr'><strong>personae</strong></span> 
     </span>
    </p>

    <p class='ocr_par' dir='ltr' id='par_1_7' title="bbox 211 3585 1328 3879">
     <span class='ocr_line' id='line_1_33' title="bbox 211 3585 1328 3672; baseline 0.004 -22"><span class='ocrx_word' id='word_1_254' title='bbox 211 3657 213 3660; x_wconf 56' lang='grc'><strong>,</strong></span> <span class='ocrx_word' id='word_1_255' title='bbox 289 3585 416 3650; x_wconf 85' lang='lat' dir='ltr'><strong>videtur</strong></span> <span class='ocrx_word' id='word_1_256' title='bbox 428 3607 507 3652; x_wconf 90' lang='lat' dir='ltr'><strong>esse.</strong></span> <span class='ocrx_word' id='word_1_257' title='bbox 531 3606 606 3650; x_wconf 87' lang='lat' dir='ltr'><strong>nam</strong></span> <span class='ocrx_word' id='word_1_258' title='bbox 619 3593 650 3650; x_wconf 92' lang='lat' dir='ltr'><strong>et</strong></span> <span class='ocrx_word' id='word_1_259' title='bbox 661 3586 816 3670; x_wconf 89' lang='lat' dir='ltr'><strong>sapientis</strong></span> <span class='ocrx_word' id='word_1_260' title='bbox 828 3595 876 3651; x_wconf 91' lang='lat' dir='ltr'><strong>est</strong></span> <span class='ocrx_word' id='word_1_261' title='bbox 888 3587 1054 3653; x_wconf 91' lang='lat' dir='ltr'><strong>consilium</strong></span> <span class='ocrx_word' id='word_1_262' title='bbox 1067 3589 1227 3672; x_wconf 85' lang='lat' dir='ltr'><strong>explicare</strong></span> <span class='ocrx_word' id='word_1_263' title='bbox 1241 3611 1328 3656; x_wconf 90' lang='lat' dir='ltr'><strong>suum</strong></span> 
     </span>
     <span class='ocr_line' id='line_1_34' title="bbox 290 3688 1328 3779; baseline 0.007 -28"><span class='ocrx_word' id='word_1_264' title='bbox 290 3688 331 3752; x_wconf 92' lang='lat' dir='ltr'><strong>de</strong></span> <span class='ocrx_word' id='word_1_265' title='bbox 354 3691 503 3755; x_wconf 87' lang='lat' dir='ltr'><strong>maximis</strong></span> <span class='ocrx_word' id='word_1_266' title='bbox 525 3691 620 3754; x_wconf 91' lang='lat' dir='ltr'><strong>rebus</strong></span> <span class='ocrx_word' id='word_1_267' title='bbox 644 3696 675 3753; x_wconf 93' lang='lat' dir='ltr'><strong>et</strong></span> <span class='ocrx_word' id='word_1_268' title='bbox 697 3689 822 3754; x_wconf 90' lang='lat' dir='ltr'><strong>honesti</strong></span> <span class='ocrx_word' id='word_1_269' title='bbox 845 3696 876 3754; x_wconf 93' lang='lat' dir='ltr'><strong>et</strong></span> <span class='ocrx_word' id='word_1_270' title='bbox 900 3689 1019 3770; x_wconf 90' lang='lat' dir='ltr'><strong>diserti,</strong></span> <span class='ocrx_word' id='word_1_271' title='bbox 1043 3699 1077 3755; x_wconf 92' lang='lat' dir='ltr'><strong>ut</strong></span> <span class='ocrx_word' id='word_1_272' title='bbox 1100 3699 1207 3758; x_wconf 85' lang='lat' dir='ltr'><strong>mente</strong></span> <span class='ocrx_word' id='word_1_273' title='bbox 1230 3696 1328 3779; x_wconf 85' lang='lat' dir='ltr'><strong>provi-</strong></span> 
     </span>
     <span class='ocr_line' id='line_1_35' title="bbox 290 3788 1268 3879; baseline 0.012 -28"><span class='ocrx_word' id='word_1_274' title='bbox 290 3788 376 3870; x_wconf 92' lang='lat' dir='ltr'><strong>dere,</strong></span> <span class='ocrx_word' id='word_1_275' title='bbox 400 3793 588 3857; x_wconf 87' lang='lat' dir='ltr'><strong>auctoritate</strong></span> <span class='ocrx_word' id='word_1_276' title='bbox 610 3792 755 3872; x_wconf 90' lang='lat' dir='ltr'><strong>probare,</strong></span> <span class='ocrx_word' id='word_1_277' title='bbox 779 3793 920 3857; x_wconf 88' lang='lat' dir='ltr'><strong>oratione</strong></span> <span class='ocrx_word' id='word_1_278' title='bbox 942 3794 1133 3875; x_wconf 86' lang='lat' dir='ltr'><strong>persuadere</strong></span> <span class='ocrx_word' id='word_1_279' title='bbox 1155 3798 1268 3879; x_wconf 91' lang='lat' dir='ltr'><strong>possis.</strong></span> 
     </span>
    </p>
   </div>
   <div class='ocr_carea' id='block_1_3' title="bbox 0 0 1435 4110">
    <p class='ocr_par' dir='ltr' id='par_1_8' title="bbox 0 0 1435 4110">
     <span class='ocr_line' id='line_1_36' title="bbox 0 0 1435 4110; baseline 0 0"><span class='ocrx_word' id='word_1_280' title='bbox 0 0 1435 4110; x_wconf 95' lang='lat' dir='ltr'><strong> </strong></span> 
     </span>
    </p>
   </div>
  </div>
 </body>
</html>
