2834 4110
281 241 345 312 ,126
488 255 599 309 trous
617 255 653 308 11,
684 254 891 310 cansa-53.
922 255 1100 317 §roa-rra

282 430 358 495 iuris
381 428 576 514 praestantia
598 426 763 512 dignitatis
786 432 841 490 aut
863 426 1009 491 fortunae
1039 445 1116 490 suae
1146 431 1323 491 transeunt.

284 533 415 617 quaesi
444 529 671 598 inflammanda
700 535 783 610 sunt,
811 529 950 594 maxime
980 527 1151 593 dicendum
1183 535 1232 594 est
1259 550 1325 594 non

283 657 353 703 esse
380 637 495 701 virtute
525 641 626 719 parta,
655 632 773 698 deinde
803 632 898 697 etiam
929 632 1016 697 vitiis
1045 639 1141 714 atque
1171 633 1325 715 peooatis,

282 750 358 821 tum,
383 741 409 805 si
432 745 523 805 erunt
544 737 725 804 honestiora
748 743 842 819 atque
864 736 1020 820 graviora,
1044 742 1151 800 tamen
1172 755 1239 800 non
1255 755 1326 801 esse

282 850 372 908 tanta
393 843 448 906 illa
470 841 592 922 merita,
616 848 735 923 quanta
757 839 925 906 insolentia
947 840 1084 906 hominis
1105 847 1326 923 quantumque
1346 859 1363 907 5

207 964 264 1018 aro
283 946 453 1011 fastidium.
500 945 541 1009 ad
582 943 759 1010 sedandum
796 951 920 1025 autem,
960 965 1076 1028 magno
1108 945 1168 1008 illa
1204 944 1326 1026 labore,

283 1050 409 1132 magnis
439 1049 586 1132 perieulis
614 1068 683 1114 esse
709 1054 801 1132 parta
828 1068 887 1113 neo
913 1047 955 1113 ad
987 1068 1078 1113 suum
1111 1049 1326 1130 commodum,

283 1152 340 1218 sed
362 1151 405 1216 ad
426 1152 558 1216 aliorum
582 1171 651 1217 esse
675 1152 818 1216 conlata:
843 1171 924 1232 quae
947 1151 974 1217 si
997 1172 1091 1233 quam
1114 1153 1250 1244 gloriam
1274 1175 1327 1238 pe-

283 1255 403 1338 perisse
426 1255 603 1335 videantur,
638 1255 806 1320 tamenetsi
835 1276 873 1321 ea
900 1276 964 1321 non
991 1257 1032 1320 sit
1062 1255 1173 1337 iniqua
1201 1278 1327 1324 meroes

282 1359 424 1442 periculi,
448 1365 554 1422 tamen
579 1378 617 1424 ea
639 1379 703 1424 non
726 1357 876 1424 delectari
899 1365 1061 1440 totamque
1076 1359 1204 1425 abicere
1226 1368 1326 1444 atque
1348 1377 1380 1422 ro

283 1461 452 1545 deponere.
499 1462 687 1543 omninoque
732 1460 961 1545 perficiendum
1004 1469 1052 1526 est
1087 1500 1131 1508 —
1173 1464 1326 1545 quoniam

283 1565 424 1649 plerique
447 1571 520 1629 sunt
542 1564 642 1630 invidi
665 1565 867 1647 maximeque
889 1565 949 1631 hoo
964 1572 1013 1630 est
1028 1585 1196 1631 oommune
1211 1569 1327 1634 vitium

285 1675 316 1734 et
348 1675 552 1753 perpetuum;
587 1659 747 1732 invidetur
779 1675 885 1732 autem
923 1669 1098 1752 praestanti
1135 1669 1327 1754 florentique

283 1773 428 1839 fortunae
454 1812 495 1819 —
524 1779 559 1837 ut
586 1772 664 1837 haee
691 1771 797 1856 opinio
825 1773 984 1837 minuatur
1014 1779 1045 1838 et
1077 1772 1131 1837 illa
1163 1776 1328 1841 excellens

284 1877 433 1961 opinione
467 1877 593 1940 fortuna
627 1896 698 1941 oum
733 1875 893 1940 laboribus
928 1883 959 1940 et
992 1876 1127 1942 miseriis
1165 1879 1329 1960 permixta
1349 1895 1378 1938 15

207 1979 376 2067 211[essel
413 1979 566 2044 videatur.
613 1981 677 2043 iam
710 1978 926 2045 misericordia
959 1986 1113 2060 movetur,
1148 1980 1176 2044 si
1210 1981 1238 2046 is
1273 1983 1328 2064 qui

283 2083 372 2148 audit
395 2082 511 2148 adduci
533 2089 638 2167 potest
668 2088 702 2146 ut
734 2082 788 2146 illa
816 2102 896 2164 quae
919 2082 959 2146 de
990 2082 1089 2147 altero
1116 2081 1328 2167 deplorentur

283 2186 325 2252 ad
348 2207 422 2252 suas
444 2207 494 2251 res
517 2193 653 2267 revocet,
678 2204 756 2268 quas
779 2192 834 2251 aut
856 2186 962 2250 tulerit
977 2187 1110 2251 acerbas
1129 2193 1185 2251 aut
1201 2188 1325 2270 timeat,

284 2297 318 2354 ut
339 2291 466 2354 intuens
489 2291 586 2353 alium
609 2290 717 2355 erebro
740 2289 782 2354 ad
805 2310 839 2355 se
861 2290 965 2373 ipsum
988 2297 1179 2374 revertatur3
1205 2299 1237 2356 et
1254 2312 1327 2358 oum

284 2393 400 2475 singuli
418 2412 508 2457 oasus
524 2393 732 2456 humanarum
749 2393 946 2458 miseriarum
961 2395 1099 2478 graviter
1114 2394 1326 2479 accipiuntur,
1345 2415 1376 2462 ao

284 2497 311 2561 si
334 2495 481 2560 dicuntur
502 2496 654 2576 dolenter,
678 2501 743 2561 tum
767 2496 895 2561 adfliota
918 2503 949 2562 et
972 2503 1128 2581 prostrata
1143 2497 1246 2563 virtus
1261 2520 1327 2566 ma·

284 2600 369 2663 xime
392 2599 534 2664 luctuosa
558 2605 614 2663 est.
662 2606 693 2663 et
715 2607 750 2663 ut
772 2600 826 2664 illa
847 2601 947 2665 altera
969 2621 1043 2683 pars
1066 2601 1218 2667 orationis
1243 2623 1327 2685 quae

283 2703 450 2788 probitatis
474 2703 748 2769 oommeudatione
771 2703 847 2769 boni
869 2704 929 2769 viri
953 2704 1048 2769 debet
1075 2707 1215 2790 speeiem
1244 2708 1326 2772 tueri

283 2807 374 2887 lenis,
398 2814 433 2870 ut
456 2827 551 2890 saepe
574 2808 637 2871 iam
661 2807 739 2888 dixi,
762 2814 859 2888 atque
883 2808 1059 2888 summissa,
1084 2809 1129 2874 sio
1145 2808 1226 2874 haeo
1243 2830 1326 2892 quae

285 2910 452 2994 suscipitur
474 2911 514 2974 ab
538 2917 659 2977 oratore
674 2911 716 2975 ad
733 2911 971 2976 commutandos
986 2912 1109 2977 animos
1125 2919 1222 2993 atque
1238 2915 1327 2978 omni
1344 2933 1373 2980 aa

208 2987 264 3115 -25132
284 3015 404 3080 ratione
427 3014 600 3080 flectendos
622 3015 744 3079 intenta
767 3035 805 3078 ao
827 3013 1000 3079 vehemens
1024 3035 1093 3080 esse
1116 3013 1221 3080 debet.
1267 3017 1326 3082 sed

285 3125 332 3183 est
356 3117 512 3201 quaedam
535 3119 568 3182 in
592 3118 642 3183 his
670 3117 793 3182 duobus
819 3117 1000 3200 generibus,
1029 3138 1159 3199 quorum
1190 3118 1325 3185 alterum

284 3222 367 3303 lene,
390 3221 524 3286 alterum
550 3221 722 3286 vehemens
753 3239 822 3286 esse
849 3221 1004 3301 volumus,
1040 3220 1180 3286 difficilis
1210 3222 1253 3286 ad
1280 3222 1325 3288 di-

285 3324 509 3410 stinguendum
540 3323 719 3389 similitudo.
766 3344 839 3388 nam
868 3330 899 3389 et
926 3344 967 3389 ex
1001 3323 1055 3388 illa
1087 3324 1229 3405 lenitate,
1262 3344 1325 3407 qua

285 3429 488 3494 conciliamur
517 3429 556 3491 iis
588 3428 641 3509 qui
669 3427 812 3507 audiunt,
843 3426 886 3490 ad
911 3425 995 3491 hano
1027 3427 1092 3491 vim
1126 3428 1323 3510 acerrimam,
1342 3447 1371 3495 ao

286 3552 347 3612 qua
371 3530 498 3596 eosdem
523 3531 708 3610 excitamus
732 3528 844 3594 influat
860 3535 982 3614 oportet
1004 3529 1134 3611 aliquid,
1158 3537 1190 3594 et
1205 3551 1247 3596 ex
1263 3530 1323 3595 hae

285 3635 318 3698 vi
341 3655 404 3698 non
428 3653 599 3713 numquam
628 3633 725 3696 animi
751 3631 871 3713 aliquid
897 3630 1073 3695 inflandum
1101 3638 1150 3696 est
1175 3633 1222 3697 illi
1247 3633 1324 3697 leni-

286 3737 357 3819 tati3
382 3756 485 3818 neque
509 3742 557 3799 est
579 3734 643 3797 ulla
666 3733 869 3818 temperatior
891 3733 989 3798 oratio
1014 3753 1109 3814 quarn
1129 3734 1184 3800 illa
1206 3737 1240 3800 in
1261 3756 1324 3817 qua

285 3839 440 3920 asperitas
476 3837 685 3901 abstentionis
719 3836 851 3900 oratoris
884 3835 983 3917 ipsius
1020 3835 1218 3902 humanitate
1253 3849 1344 3905 oon-¹
