2866 4110
331 172 443 226 rinna
461 174 482 226 1.
514 172 721 229 canto-41.
751 179 929 238 sisa-ret.
1106 159 1148 222 45

103 349 209 413 moria
233 354 358 431 patrum
384 347 487 412 venit:
518 354 552 411 ut
584 347 812 431 paterfamilias
842 350 896 430 qui
928 369 969 413 ex
992 347 1149 430 Hispania

104 449 416 533 Romamvenisset,
445 471 517 516 cum
543 471 676 515 uxorem
707 458 936 535 praegnantem
962 451 997 514 in
1025 450 1149 533 provin-

105 557 156 620 cia
178 555 361 636 reliquisset
388 556 572 636 Romaeque
603 556 735 619 alteram
766 553 913 620 duxisset
942 573 1046 635 neque
1072 574 1149 617 nun-

105 660 186 723 tium
216 659 314 741 priori
340 659 525 740 remisisset,
558 657 788 745 mortuuslquel
822 666 906 724 esset
936 658 1086 723 intestato
1119 663 1150 721 et

68 781 85 826 5
107 783 148 827 ex
172 770 309 844 utraque
332 761 412 827 filius
434 769 529 826 natus
559 769 659 826 essct:
688 761 900 828 mediocrisne
934 783 986 828 res
1017 763 1051 826 in
1081 782 1151 826 con-

107 867 286 932 tentionem
308 864 445 930 adducta
469 866 541 930 est?
570 886 640 930 cum
670 873 874 947 quaereretur
903 866 943 930 de
967 866 1089 932 duobus
1112 867 1151 930 ci-

108 970 196 1034 vium
215 969 402 1052 capitibus:
438 975 469 1034 et
500 968 540 1032 de
567 988 666 1052 puero
698 970 753 1052 qui
784 991 825 1035 ex
857 971 1030 1053 posteriore
1057 977 1151 1034 natus

107 1080 176 1138 erat
201 1072 297 1137 etde
321 1073 387 1137 eius
418 1079 534 1154 matre;
566 1093 657 1155 quae,
690 1073 717 1138 si
747 1072 939 1139 iudicaretur
966 1073 1059 1138 certis
1088 1074 1151 1156 qui-

108 1176 246 1241 busdam
277 1176 393 1256 verbis,
424 1197 486 1240 non
518 1177 609 1241 novis
639 1175 760 1261 nuptiis
791 1175 860 1242 fieri
888 1198 959 1242 eum
992 1178 1152 1260 superiore

53 1297 86 1342 ιο
106 1279 291 1359 divortium,
315 1279 348 1342 in
375 1279 570 1344 concubinae
596 1281 701 1348 locum
732 1279 908 1347 duceretur.
954 1281 1035 1345 haec
1057 1281 1153 1365 igitur
1173 1301 1222 1348 184

107 1391 140 1448 et
164 1384 278 1447 borum
303 1382 417 1447 similia
438 1383 508 1447 iura
530 1403 606 1448 suae
627 1383 766 1450 civitatis
789 1384 991 1468 ignorantem
1014 1381 1152 1448 erectum

107 1493 140 1552 et
164 1487 295 1567 celsum,
319 1486 416 1550 alacri
439 1493 470 1550 et
491 1493 637 1570 prompto
661 1494 832 1568 creatque
856 1489 953 1567 voltu,
977 1488 1041 1551 huc
1055 1495 1151 1570 atque

106 1590 184 1654 illuc
215 1591 392 1654 intuentem
425 1591 537 1674 vagari
568 1609 639 1654 cum
668 1611 785 1674 magna
816 1600 945 1656 caterva
979 1598 1043 1656 toto
1075 1592 1151 1670 foro,

106 1692 306 1778 praesidium
329 1693 496 1758 clientibus
519 1700 613 1775 atquc
638 1713 731 1777 opem
754 1696 864 1760 amicis
889 1702 919 1760 et
946 1715 1045 1777 prope
1061 1714 1151 1759 cunc-

56 1811 88 1856 15
107 1798 151 1862 tis
185 1796 310 1860 civibus
340 1797 442 1861 lucem
475 1797 596 1880 ingenii
632 1803 663 1860 et
698 1797 822 1862 consilii
857 1799 904 1862 sui
938 1797 1152 1880 porrigentem

107 1909 207 1982 atque
246 1899 429 1964 tendentem
465 1920 572 1966 nonne
605 1902 640 1964 in
673 1902 783 1985 primis
816 1901 1007 1984 flagitiosum
1041 1890 1151 1982 putan-

109 2004 187 2068 dum
210 2004 281 2068 est?

214 2108 256 2170 Et
279 2107 429 2188 quoniam
451 2106 491 2171 de
514 2107 714 2190 impudentia
736 2106 814 2187 dixi,
839 2109 1031 2190 castigemus
1055 2107 1150 2170 etiam

109 2212 302 2294 segnitatem
332 2210 495 2275 hominum
517 2216 614 2293 atque
643 2211 799 2276 inertiam.
846 2232 921 2276 nam
944 2211 970 2275 si
993 2217 1077 2275 esset
1091 2209 1152 2274 ista

59 2315 249 2399 recognitio
285 2313 362 2378 iuris
397 2334 514 2398 magna
548 2321 644 2396 atque
676 2313 831 2395 difficilis,
866 2322 973 2379 tamen
1007 2314 1152 2378 utilitatis

110 2416 298 2501 magnitudo
330 2415 460 2481 deberet
486 2416 631 2481 homines
662 2417 704 2481 ad
736 2417 974 2500 suscipiendum
1005 2417 1151 2506 discendi

112 2520 252 2585 laborem
276 2519 447 2602 impellere.
494 2519 560 2600 sed,
585 2541 603 2585 o
631 2518 664 2584 di
691 2521 894 2603 immortales,
926 2541 988 2584 non
1013 2520 1151 2586 dicerem

112 2623 181 2703 boc,
212 2622 363 2687 audiente
394 2625 557 2703 Scaevola,
588 2623 649 2687 nisi
676 2625 744 2706 ipse
773 2623 877 2690 dicere
901 2625 1014 2691 soleret
1035 2625 1152 2688 nullius

113 2729 189 2791 artis
220 2726 393 2791 faciliorem
425 2727 485 2792 sibi
516 2727 729 2811 cognitionem
756 2727 866 2793 videri.
913 2726 998 2809 quod
1024 2727 1152 2809 quidem
1172 2743 1246 2790 ree!

62 2847 95 2892 ns
115 2831 206 2894 certis
230 2828 271 2894 de
295 2830 398 2895 causis
421 2851 441 2893 a
463 2831 621 2914 plerisque
644 2831 736 2894 aliter
765 2832 977 2896 existimatur:
1005 2832 1150 2913 primum,

115 2937 187 3015 quia
210 2925 335 3000 veteres
357 2935 411 3014 illi,
436 2935 489 3016 qui
512 2934 585 2997 huic
602 2932 754 2997 scientiae
769 2935 982 3017 praefuerunt,
1011 2935 1152 2999 obtinen-

115 3038 173 3104 dae
195 3046 292 3121 atque
315 3036 482 3120 augendae
506 3037 665 3120 potentiae
689 3056 765 3100 suae
788 3057 886 3101 causa
907 3038 1086 3120 pervolgari
1106 3059 1152 3101 ar-

115 3149 177 3206 tem
204 3163 295 3207 suam
326 3141 506 3222 noluerunt;
544 3136 669 3220 deinde,
708 3146 915 3222 posteaquam
950 3147 999 3205 est
1032 3140 1151 3205 editum

117 3247 266 3330 expositis
288 3266 309 3309 a
333 3245 389 3309 Cn.
407 3243 518 3308 Flavio
545 3244 682 3326 primurn
706 3245 894 3323 actionibus,
919 3244 997 3307 nulli
1023 3243 1151 3308 fuerunt

1 3391 2 3398 1
66 3360 101 3406 30
119 3351 168 3430 qui
189 3351 244 3414 illa
266 3347 435 3413 artificiose
459 3346 584 3430 digesta
605 3349 780 3430 generatim
797 3353 1029 3430 componerent.
1072 3347 1152 3410 nihil

122 3458 163 3516 est
185 3454 270 3518 enim
294 3450 379 3533 quod
401 3450 443 3515 ad
465 3458 565 3515 artem
581 3450 683 3535 redigi
698 3452 807 3534 possit,
831 3452 892 3516 nisi
908 3451 960 3513 ille
983 3450 1080 3533 prius,
1097 3451 1151 3530 qui

121 3553 170 3619 illa
202 3562 291 3622 tenet
326 3575 458 3636 quorum
492 3561 592 3618 artem
625 3554 791 3618 instituere
825 3553 900 3632 volt,
935 3552 1032 3616 habet
1065 3551 1151 3614 illam

123 3660 301 3740 scientiam,'
316 3664 351 3721 ut
374 3678 414 3722 ex
437 3658 476 3720 iis
498 3657 593 3721 rebus
616 3677 747 3737 quarum
770 3675 821 3720 ars
836 3654 977 3718 nondum
993 3655 1034 3716 sit
1049 3659 1150 3717 artem

124 3761 241 3828 efficere
257 3761 366 3846 possit.
405 3761 465 3825 hoc
481 3759 583 3837 video,
608 3759 682 3822 dum
706 3758 843 3823 breviter
865 3754 1018 3818 voluerim
1034 3749 1149 3834 dicere,
1170 3775 1219 3821 187

1178 2086 1214 2138 41

1171 2159 1221 2207 185
