2834 4110
324 217 434 270 LIBER
454 216 489 270 11.
521 215 603 272 CAP.
618 220 729 273 val-75.
757 224 772 284 ἓ
790 220 936 274 300-303.
1083 204 1141 268 151

98 398 176 456 tens
199 396 232 454 et
255 398 373 472 quanta
396 411 485 456 mens
508 390 628 456 fuerit?
652 391 705 474 qui
733 391 777 456 ita
799 391 1005 474 responderit,
1036 398 1071 456 ut
1100 393 1145 456 in·

98 495 257 577 tellegere
283 514 446 577 possemus
480 494 558 559 nihil
593 515 634 560 ex
668 495 751 559 illius
784 495 899 575 animo,
932 494 1016 577 quod
1047 496 1145 561 semel

99 605 189 662 esset
211 596 361 678 infusum,
384 619 534 680 umquam
566 598 696 664 effluere
719 599 876 683 potuisse,
913 620 983 664 cum
1017 597 1144 681 quidem

100 701 133 765 ei
158 700 253 767 fucrit
275 702 444 785 optabilius
466 703 609 768 oblivisci
632 722 726 786 posse
741 703 846 786 potius
863 703 947 786 quod
963 703 1144 768 meminisse

67 805 202 869 snollet
225 825 319 886 quam
343 806 426 887 quod
450 807 548 872 semel
578 806 720 872 audisset
749 806 922 872 vidissetve
952 806 1142 873 meminisse.

102 907 162 972 sed
184 929 288 990 neque
310 916 437 993 propter
459 909 519 974 hoc
542 910 746 975 Themistocli
769 931 955 994 responsum
975 910 1144 976 memmiae

102 1012 198 1076 nobis
227 1032 322 1097 opera
353 1013 459 1078 danda
489 1035 552 1080 non
583 1021 631 1079 est
664 1035 768 1096 neque
798 1015 853 1080 illa
883 1035 956 1081 mea
987 1015 1089 1080 cautio
1114 1021 1145 1080 et

102 1116 258 1183 timiditas
273 1117 307 1182 in
324 1119 427 1184 causis
442 1125 571 1203 propter
587 1125 802 1203 praestantem
818 1118 1023 1203 prudentiam
1040 1119 1144 1185 Crassi

3 1237 5 1244 ’
103 1220 306 1305 neglegenda
329 1227 385 1287 est.
432 1229 564 1305 uterque
587 1224 672 1288 enim
696 1224 825 1288 istorum
849 1244 911 1288 non
935 1223 1013 1289 mihi
1040 1223 1145 1288 attulit

55 1337 86 1385 10
105 1325 254 1407 aliquam
278 1325 334 1390 sed
358 1346 447 1391 suam
471 1326 662 1411 significavit
690 1326 882 1392 facultatem.
930 1328 1048 1393 etenim
1078 1347 1144 1411 per·
1163 1339 1212 1386 301

104 1429 204 1492 multa
226 1435 299 1494 sunt
321 1430 354 1493 in
378 1430 481 1495 causis
504 1431 538 1494 in
560 1430 646 1495 omni
668 1437 759 1515 parte
782 1431 933 1496 orationis
964 1431 1143 1514 circumspi-

106 1531 226 1613 cienda,
250 1553 290 1597 ne
314 1532 389 1615 quid
418 1533 572 1615 offendas,
603 1553 644 1598 ne
674 1554 736 1616 quo
758 1534 875 1598 inruas.
923 1555 1018 1620 saepe
1048 1535 1145 1617 aliqui

105 1637 195 1702 testis
217 1643 272 1702 aut
295 1658 358 1703 non
388 1638 486 1703 laedit
515 1645 572 1703 aut
602 1639 706 1703 minus
735 1638 844 1719 laedit,
868 1639 931 1704 nisi
962 1640 1142 1706 lacessatur.

106 1747 173 1804 orat
183 1761 265 1822 reus,
279 1749 392 1825 urgent
407 1742 554 1808 advocati
570 1749 605 1806 ut
619 1742 818 1822 invehamur,
842 1749 877 1805 ut
893 1743 975 1806 male
991 1741 1143 1822 dicamus,

3 1901 4 1920 ,
57 1855 87 1901 ¹5
106 1843 241 1926 denique
263 1851 298 1909 ut
319 1846 566 1930 interrogemus:
602 1867 664 1911 non
692 1865 830 1925 moveor,
858 1866 922 1910 non
949 1846 1142 1928 obtempero,

3 1993 4 2018 1
105 1967 166 2014 non
197 1948 367 2030 satisfacio,
402 1971 506 2033 neque
540 1957 648 2015 tamen
682 1951 780 2014 ullam
813 1949 971 2033 adsequor
1005 1947 1141 2012 laudem.

3 2027 4 2066 ¹
104 2050 246 2119 homines
277 2055 360 2118 enim
390 2054 527 2139 imperiti
561 2054 685 2120 facilius
716 2052 800 2137 quod
832 2056 926 2120 stulte
957 2053 1076 2118 dixeris
1098 2073 1143 2117 re.

4 2209 5 2222 ,
106 2156 300 2238 prehendere
330 2179 425 2240 quam
455 2158 539 2241 quod
570 2159 730 2242 sapienter
761 2159 898 2224 tacueris
921 2158 1051 2222 laudare
1075 2178 1144 2241 pos·

109 2267 188 2324 sunt.
234 2260 286 2325 hic
309 2269 462 2344 quantum
485 2262 521 2327 fit
543 2262 627 2343 mali,
653 2263 679 2328 si
702 2263 826 2342 iratum,
859 2263 885 2328 si
912 2283 977 2326 non
1005 2261 1144 2341 stultum,
1163 2269 1213 2319 302

57 2373 90 2422 ao
109 2363 133 2426 si
155 2383 217 2429 non
238 2365 343 2430 levem
366 2373 479 2432 testem
501 2366 647 2432 laeseris!
672 2366 770 2431 habet
792 2367 878 2431 enim
902 2373 933 2429 et
948 2365 1144 2431 voluntatem

109 2469 238 2533 nocendi
261 2469 481 2534 iniracundia
513 2478 544 2535 et
575 2469 639 2534 vim
670 2471 703 2534 in
734 2470 863 2553 ingenio
894 2476 926 2534 et
955 2468 1080 2554 pondus
1112 2471 1145 2534 in

109 2570 183 2656 vita3
207 2592 277 2652 nec,
301 2573 328 2637 si
351 2572 410 2638 hoc
434 2573 567 2639 Crassus
591 2594 654 2638 non
678 2574 854 2654 committit,
878 2573 950 2638 ideo
966 2595 1028 2638 non
1052 2574 1142 2638 multi

108 2679 137 2737 et
158 2695 252 2759 saepe
276 2677 484 2740 committunt.
532 2697 594 2758 quo
624 2677 752 2759 quidem
782 2676 859 2741 mihi
890 2677 1012 2761 turpius
1043 2677 1144 2741 videri

107 2776 181 2842 nihil
203 2781 290 2860 solet,
320 2800 415 2861 quam
446 2800 517 2844 cum
549 2802 589 2846 ex
613 2782 744 2846 oratoris
767 2781 852 2846 dicto
881 2783 986 2864 aliquo
1016 2787 1072 2846 aut
1100 2800 1145 2844 re-

59 2888 91 2936 25
108 2898 216 2963 sponso
243 2889 299 2946 aut
320 2890 429 2967 rogato
453 2904 555 2949 sermo
578 2885 631 2948 ille
654 2885 811 2967 sequitur:
836 2878 985 2950 ‘occidit’
1022 2879 1143 2950 ‘adver-

108 2986 261 3051 seriumne
271 2981 298 3050 ἲ)
343 2979 449 3051 ‘immo
473 2982 558 3052 vero’
582 2988 671 3052 aiunt
694 2981 740 3053 ‘se
764 2995 795 3053 et
817 3009 889 3053 eum
913 3009 1008 3072 quem
1035 2988 1143 3053 defen-

6 3111 7 3118 *
108 3084 169 3151 dit'
213 3089 274 3153 hoc
298 3089 430 3155 Crassus
453 3111 516 3155 non
539 3098 630 3175 putat
645 3091 706 3155 nisi
721 3090 856 3175 perfidia
870 3091 1015 3157 accidere
1031 3112 1142 3177 posse,
1163 3063 1214 3183 ἐῶ

108 3208 162 3274 ego
184 3199 291 3257 autem
315 3193 500 3277 saepissime
523 3193 617 3258 video
641 3195 673 3258 in
690 3195 795 3260 causis
810 3195 930 3278 aliquid
946 3195 1022 3258 mali
1038 3195 1143 3259 facere

107 3291 246 3361 homines
277 3297 406 3362 minime
438 3298 546 3362 malos.
593 3297 679 3379 quid,
714 3297 792 3364 illud
822 3299 906 3381 quod
938 3318 1033 3381 supra
1064 3298 1142 3376 dixi,

64 3404 91 3453 30
108 3399 201 3464 solere
225 3420 277 3464 mc
300 3399 412 3465 cedere
436 3408 476 3481 et,
500 3408 535 3465 ut
557 3402 683 3486 planius
706 3401 819 3484 dicam,
852 3405 963 3487 fugere
994 3421 1032 3464 ea
1063 3419 1144 3483 quae

107 3503 196 3568 valde
219 3523 348 3568 causam
371 3523 475 3568 meam
497 3513 687 3588 premerent,
711 3526 783 3570 eum
806 3506 840 3569 id
863 3525 926 3571 non
947 3503 1069 3568 faciunt
1091 3502 1145 3566 alii

106 3613 331 3688 versanturque
354 3608 387 3671 in
410 3607 546 3672 hostium
571 3611 682 3674 castris
704 3629 742 3674 ac
765 3629 823 3674 sua
852 3605 1013 3694 praesidia
1043 3605 1147 3671 dimit-

106 3713 182 3790 tunt,
205 3709 448 3775 mediocriterne
481 3711 585 3775 causis
615 3718 740 3791 nocent,
772 3731 844 3774 cum
873 3715 929 3774 aut
952 3707 1147 3774 adversario-

108 3832 172 3876 rum
193 3812 379 3877 adiumenta
402 3812 588 3877 confirmant
611 3821 665 3877 aut
689 3833 727 3876 ea
750 3832 831 3893 quae
854 3830 967 3878 sanare
983 3817 1146 3893 nequeunt
