2836 4114
295 167 359 233 202
509 187 622 243 LIBER
635 187 686 242 111.
711 186 793 242 CAP.
808 189 919 243 31—32.
943 189 1116 252 §lae-127.

294 380 374 441 mus,
397 360 552 426 sumenda
574 369 648 427 sunt
670 361 763 428 nobis
787 361 828 426 ab
851 361 890 426 iis
914 361 992 446 ipsis
1015 382 1035 426 a
1057 361 1175 444 quibus
1202 363 1337 447 expilati

294 483 419 549 sumus,
442 463 519 530 dum
541 464 635 532 modo
658 464 777 530 illaad
799 464 882 530 hanc
910 465 1036 531 civilem
1067 465 1245 547 scientiam,
1274 486 1336 549 quo

294 569 453 653 pertinent
475 575 508 634 et
530 589 626 652 quam
641 569 812 650 intuentur,
829 569 1058 636 transferamus
1072 589 1187 651 neque,
1211 576 1248 634 ut
1263 576 1338 635 ante

294 671 371 755 dixi,
404 693 530 740 ornnem
560 680 700 739 teramus
729 674 762 739 in
793 673 843 740 his
873 673 1034 739 discendis
1056 673 1151 740 rebus
1178 679 1337 759 aetatem,

293 776 350 842 sed
374 797 445 843 cum
467 777 564 843 fontis
585 776 770 864 viderimus,
794 797 873 860 quos
895 777 958 842 nisi
981 779 1035 860 qui
1055 777 1199 843 celeriter
1223 789 1369 863 cogno-5

293 881 343 962 rit,
371 901 544 963 numquam
575 888 744 966 cognoscet
773 881 911 964 omnino,
942 886 1018 963 tum,
1053 881 1337 966 quotienscumque

293 1005 373 1070 opus
396 985 466 1066 crit,
491 984 594 1050 exiis
624 991 748 1050 tantum
772 992 926 1068 quantum
955 1005 1007 1051 res
1029 991 1116 1070 petet
1141 984 1336 1068 hauriemus.

226 1100 277 1148 124
293 1110 368 1154 nam
390 1109 494 1171 nequo
517 1096 583 1155 tam
606 1096 655 1156 est
684 1090 766 1155 aeris
795 1091 882 1155 acies
904 1089 937 1154 in
958 1077 1082 1156 ¹naturis
1111 1090 1278 1156 hominurn
1306 1097 1337 1158 et

292 1193 440 1278 ingeniis,
463 1199 498 1259 ut
520 1215 570 1261 res
593 1201 699 1260 tantas
722 1196 891 1278 quisquam
921 1194 983 1260 nisi
1013 1201 1205 1261 monstratas
1234 1197 1337 1280 possit

293 1296 412 1379 ridere,
437 1317 541 1381 neque
563 1304 653 1364 tanta
682 1298 846 1364 tamenin
876 1299 972 1364 rebus
1002 1299 1188 1380 obscuritas,
1219 1306 1257 1365 ut
1279 1309 1383 1366 eas10

293 1422 356 1467 non
378 1403 505 1487 penitus
526 1403 592 1468 acri
614 1404 664 1468 vir
692 1402 821 1488 ingenio
844 1409 961 1484 cernat,
992 1403 1019 1468 si
1041 1402 1134 1469 modo
1161 1405 1336 1488 aspexerit.

292 1506 326 1571 in
348 1507 408 1572 hoc
430 1507 528 1591 igitur
550 1513 638 1572 tanto
663 1513 728 1572 tam
750 1507 970 1588 immensoque
994 1526 1106 1591 campo
1136 1527 1207 1571 cum
1240 1507 1337 1572 liceat

292 1611 408 1677 oratori
431 1611 542 1696 vagari
563 1611 664 1677 libere
686 1617 793 1694 atque,
824 1610 1015 1693 ubicumque
1047 1610 1231 1693 constiterit,
1264 1632 1338 1678 con·

293 1716 404 1782 sistere
426 1716 460 1781 in
483 1736 549 1797 suo,
573 1715 668 1782 facile
698 1713 883 1800 suppeditat
913 1715 1015 1780 omnis
1045 1720 1336 1800 apparatus‘orna-

225 1828 274 1876 125
293 1825 406 1902 tusque
441 1818 578 1885 dicendi.
625 1839 730 1884 rerum
764 1818 850 1884 enim
880 1819 973 1903 copia
1006 1819 1174 1884 verborum
1209 1819 1337 1904 copiam
1356 1828 1386 1877 15

292 1923 412 2010 gignit3
437 1930 478 2006 et,
502 1924 529 1990 si
552 1930 600 1989 est
622 1923 773 1989 honestas
804 1923 839 1988 in
860 1924 956 1988 rebus
978 1923 1057 2006 ipsis
1087 1921 1267 2005 dequibus
1290 1924 1336 1989 di·

293 2028 388 2110 citur,
435 2030 543 2095 existit
580 2049 621 2094 ex
658 2049 692 2093 re
730 2027 882 2094 naturalis
927 2026 1056 2110 quidam
1083 2026 1252 2112 splendor
1298 2029 1333 2094 in

291 2132 425 2213 verbis„
453 2133 494 2198 sit
515 2132 609 2198 modo
638 2133 667 2198 is
690 2132 744 2214 qui
775 2131 858 2196 dicet
888 2137 944 2196 aut
967 2131 1084 2198 scribet
1115 2138 1147 2197 et
1168 2131 1335 2199 institutus

290 2236 463 2302 liberaliter
485 2236 672 2302 educatione
695 2235 901 2317 doctrinaque
924 2235 1037 2319 puerili
1052 2241 1084 2301 11
1098 2233 1213 2319 flagret
1227 2235 1335 2303 studio

291 2347 324 2406 et
345 2360 365 2405 a
387 2347 500 2408 natura
522 2341 689 2406 adiuvetur
719 2346 751 2405 et
780 2340 814 2404 in
844 2338 1063 2404 universorum
1090 2358 1244 2424 generum
1265 2339 1335 2405 infi-
1353 2349 1386 2397 20

290 2444 365 2509 nitis
388 2443 672 2529 disceptationibus
695 2444 888 2509 exercitatus
919 2442 1136 2510 ornatissimos
1163 2442 1335 2527 scriptores

290 2554 493 2630 oratoresque
523 2549 566 2614 ad
595 2546 851 2632 cognoscendum
884 2545 1136 2629 imitandumque
1158 2544 1332 2632 delegerit:

290 2672 331 2722 ne
353 2653 406 2717 ille
428 2651 515 2717 haud
537 2671 614 2717 sane
637 2671 731 2733 quern
755 2650 949 2716 admodum
979 2650 1079 2716 verba
1108 2656 1208 2716 struat
1231 2656 1264 2716 et
1287 2652 1333 2716 in-

288 2755 422 2822 luminet
450 2755 653 2840 amagistris
682 2755 753 2821 istis
782 2756 938 2840 requiret;
969 2755 1015 2820 ita
1044 2754 1138 2820 facilc
1169 2753 1204 2819 in
1226 2775 1334 2820 rernm

288 2859 488 2927 abundantia
517 2860 559 2927 ad
592 2860 742 2927 orationis
775 2868 964 2927 ornamenta
993 2860 1062 2926 sine
1091 2858 1183 2941 duce,
1216 2866 1384 2926 natureae

289 2965 369 3050 ipsa,
393 2966 420 3031 si
443 2965 536 3033 modo
559 2972 608 3032 est
630 2967 814 3048 exercitata,
838 2965 1022 3030 delabetur.'

222 3034 271 3159 ἐξ
393 3070 454 3136 Hic
477 3071 608 3137 Catulus
630 3070 673 3136 ‘di
692 3070 898 3136 -immortales'
914 3068 1018 3152 inquit
1041 3073 1203 3151 ‘quantam
1225 3088 1333 3135 rerum

289 3173 486 3257 varietatem,
510 3181 661 3258 quantam
683 3176 759 3256 vim,
783 3181 935 3257 quantam
951 3173 1085 3258 copiam,
1102 3173 1226 3254 Crasse,
1251 3193 1332 3241 com-

288 3279 402 3364 plexus
425 3298 460 3344 11
482 3279 673 3362 quantisque
696 3298 737 3343 ex
761 3277 919 3363 angustiis
942 3282 1099 3343 oratorem
1122 3274 1259 3342 educere
1278 3297 1330 3344 au-

288 3401 342 3448 sus
365 3403 400 3449 es
422 3383 508 3448 etin
531 3383 686 3448 maiorum
708 3403 835 3448 suorum
857 3402 956 3466 regno
980 3381 1159 3446 conlocare!
1190 3400 1331 3463 namque
1348 3388 1383 3438 ³0

287 3485 357 3552 illos
379 3491 504 3552 veteres
526 3485 672 3552 doctores
694 3492 904 3567 auctoresque
926 3483 1055 3549 dicendi
1082 3483 1204 3549 nullum
1226 3504 1330 3568 genus

287 3587 510 3673 disputationis
532 3610 553 3653 a
574 3608 609 3654 11
630 3589 769 3653 alienum
792 3594 922 3673 putasse
944 3587 1126 3672 accepimus
1141 3607 1331 3673 semperque

221 3697 270 3746 12⁷
289 3711 359 3756 1111
381 3691 414 3754 in
437 3692 522 3755 omni
545 3691 695 3756 orationis
717 3692 840 3756 ratione
863 3677 1016 3757 versatos.
1055 3710 1096 3756 ex
1111 3689 1226 3773 quibus
1241 3691 1331 3757 Elius

288 3793 423 3877 Hippiae
457 3813 526 3840 cum
551 3793 733 3878 sllympiam
755 3795 899 3860 venisset
920 3794 1062 3859 maxima
1083 3793 1139 3860 illa
1154 3794 1330 3878 quinquen·
