2866 4110
340 166 451 218 cinna
469 167 490 220 1.
522 165 728 220 ouria-43.
759 169 938 230 §roo-194.
1114 149 1154 212 47

112 346 214 422 atque
242 338 372 404 uberem
399 360 493 420 quam
521 338 683 405 difficilem
713 347 809 422 atque
839 341 1014 404 obscuram.
1060 344 1156 419 atque
1176 359 1224 405 rer

113 443 241 507 interea
263 449 380 522 tamen,
404 441 479 507 dum
502 443 582 526 haec
609 463 691 525 quae
718 442 863 526 dispersa
890 448 962 508 sunt
991 447 1155 525 coguntur,

113 548 166 611 vel
190 546 313 631 passim
336 546 409 611 licet
433 555 615 630 carpentem
642 553 674 611 et
703 547 915 628 conligentem
942 545 1082 627 undique
1109 566 1154 610 re-

115 651 195 734 pleri
218 651 306 715 iusta
328 649 403 714 iuris
427 651 530 715 civilis
552 650 695 715 scientia.
741 670 848 714 nonne
875 649 990 714 videtis
1018 649 1154 731 equitem
1174 662 1211 716 43

75 756 310 834 5Romanum,
341 752 501 818 hominem
534 753 718 818 acutissimo
752 753 892 817 omnium
926 753 1064 836 ingenio,
1099 752 1156 818 sed

115 858 247 922 minime
272 856 385 921 ceteris
406 858 527 923 artibus
550 856 716 939 cruditum,
741 858 775 923 Ο,
792 858 996 938 Aculeonem,
1021 858 1074 939 qui
1094 877 1156 922 me-

115 982 187 1026 cum
210 961 294 1025 vivit
321 979 507 1045 semperque
534 961 623 1041 vixit,
652 961 697 1024 ita
725 967 834 1025 tenere
856 961 905 1026 ins
929 961 1031 1052 civile,
1055 967 1090 1025 ut
1116 961 1155 1042 ei,
1232 1036 1233 1040 Ἰ

53 1143 56 1148 ¹
115 1085 186 1129 cum
215 1064 258 1129 ab
287 1064 347 1129 hoc
377 1063 593 1146 discesseritis,
622 1085 715 1130 nemo
750 1064 790 1128 de
824 1065 863 1130 iis
890 1065 944 1147 qui
975 1065 1156 1150 peritissimi

114 1176 189 1233 sunt
212 1168 446 1250 anteponatur?
485 1155 593 1233 omnia
616 1175 689 1232 sunt
713 1168 800 1234 enim
822 1169 926 1253 posita
948 1170 1225 1250 anteoculos,1oa

60 1290 95 1336 10
115 1271 283 1338 conlocata
312 1270 345 1335 in
373 1291 431 1336 usu
462 1271 631 1352 cotidiano,
665 1273 699 1336 in
735 1273 960 1354 congressione
993 1272 1157 1338 hominum

113 1381 212 1456 atque
234 1375 269 1439 in
292 1373 374 1458 foro,
399 1395 503 1457 neque
524 1376 570 1440 ita
591 1376 700 1442 multis
722 1376 835 1441 litteris
861 1382 916 1441 aut
944 1377 1157 1442 voluminibus

113 1479 242 1562 magnis
267 1478 476 1544 continentur.
524 1478 636 1543 eadem
665 1480 750 1544 enim
774 1479 857 1544 elata
879 1487 952 1546 sunt
968 1480 1115 1564 ¹primurn
1138 1502 1157 1545 a

113 1582 269 1666 pluribus,
294 1581 411 1646 deinde
433 1583 545 1665 paucis
568 1584 675 1649 verbis
695 1585 894 1650 commutatis
917 1585 1013 1670 etiam
1035 1587 1076 1650 ab
1101 1586 1158 1650 eis-

113 1685 188 1749 dem
212 1685 420 1769 scriptoribus
444 1687 562 1770 scripta
584 1693 657 1751 sunt
680 1687 816 1771 saepius.

63 1809 92 1854 rs
218 1787 354 1853 Accedit
376 1810 462 1870 vero,
486 1809 547 1871 quo
570 1788 695 1856 facilins
718 1791 838 1874 percipi
869 1790 1080 1872 cognoscique
1107 1791 1157 1855 ius
1176 1809 1225 1857 193

114 1892 208 1956 civile
243 1893 353 1976 possit,
389 1892 475 1976 quod
504 1893 633 1958 minime
665 1894 807 1977 plerique
840 1893 1043 1973 arbitrantur,
1078 1893 1158 1956 mira

115 1993 274 2076 quaedam
298 1996 331 2060 in
363 1996 584 2081 cognoscendo
612 1998 754 2062 suavitas
785 2003 817 2062 et
849 1996 1024 2062 delectatio.
1071 2015 1155 2075 nam,

115 2098 183 2164 sive
206 2119 302 2181 quem
324 2098 402 2164 haec
426 2100 561 2165 Aeliana
584 2101 690 2165 studia
712 2100 881 2180 delectant,
905 2099 1040 2184 plurima
1062 2106 1157 2164 estet

115 2202 149 2265 in
172 2203 259 2267 omni
282 2202 351 2266 iure
373 2203 459 2268 civili
490 2204 577 2268 etin
600 2203 783 2288 pontificum
813 2204 900 2269 libris
927 2210 959 2269 et
987 2203 1021 2267 in
1044 2227 1087 2266 xri
1114 2211 1157 2268 la-

66 2324 99 2370 ao
117 2305 204 2370 bulis'
228 2306 429 2388 antiquitatis
464 2306 597 2389 effigies,
633 2305 717 2388 quod
748 2313 779 2370 et
813 2310 981 2373 verborum
1014 2314 1157 2373 vetustas

117 2409 221 2491 prisca
243 2410 444 2492 cognoscitur
468 2417 499 2474 et
521 2410 680 2474 actionum
695 2430 815 2492 genera
830 2411 987 2493 quaedam
1002 2411 1156 2477 maiorum

119 2511 379 2602 consuetudinem
388 2512 735 2596 vitamquedeclarant3
750 2515 817 2580 sive
833 2516 903 2597 quis
919 2516 1045 2580 civilem
1061 2517 1157 2580 scien-

119 2615 195 2679 tiam
229 2623 439 2696 consectatur,
483 2637 577 2698 quam
612 2617 765 2682 Scaevola
799 2640 863 2685 non
897 2625 989 2702 putat
1027 2619 1158 2683 oratoris

120 2738 189 2784 esse
210 2720 382 2805 propriam,
406 2720 462 2784 sed
486 2719 648 2784 cuiusdam
672 2740 712 2784 cx
735 2721 797 2787 alio
819 2742 937 2806 genere
959 2721 1156 2805 prudentiae,

69 2837 102 2884 au
121 2827 217 2888 totam
240 2824 335 2904 hano,
366 2824 525 2908 discriptis
560 2824 706 2888 omnibus
737 2824 875 2891 civitatis
902 2825 1091 2890 utilitatibus
1120 2845 1157 2888 ao

121 2928 272 3008 partibus,
295 2952 340 2991 xrr
362 2928 478 2992 tabulis
506 2927 660 2994 contineri
688 2927 827 3012 videbit,
864 2931 932 2993 sive
966 2949 1061 3009 quem
1095 2929 1157 2993 ista

122 3039 311 3115 praepotens
346 3037 377 3095 et
410 3031 548 3114 gloriosa
580 3030 780 3114 philosophia
814 3029 951 3095 delectat
981 3069 1022 3077 —
1054 3030 1157 3095 dicam
1246 3078 1248 3084 .

123 3134 271 3199 audacius
294 3171 347 3214 -‚
370 3134 466 3200 hosce
489 3134 587 3199 habet
609 3134 707 3200 fontis
738 3134 878 3198 omnium
908 3133 1157 3218 disputationum

125 3255 246 3302 suarum
277 3238 332 3319 qui
362 3239 429 3301 iure
461 3237 546 3301 civili
577 3244 608 3301 ct
634 3238 759 3320 legibus
790 3237 997 3300 continentur.
1044 3256 1084 3300 ex
1108 3236 1157 3300 his
1179 3229 1253 3301 ror¹

73 3351 107 3397 30
125 3340 203 3404 enim
226 3347 259 3406 et
283 3340 481 3424 dignitatem,
495 3340 635 3404 maxime
659 3340 874 3423 expetendam
900 3339 1055 3417 videmus,
1085 3358 1156 3401 cnm

125 3443 219 3510 virtus
242 3453 275 3509 et
297 3444 399 3509 iustus
422 3451 517 3526 atque
540 3442 805 3509 honestuslabcr
820 3442 991 3507 honoribus
1007 3441 1157 3524 praemiis

124 3547 288 3629 splendore
311 3546 485 3628 decoratur,
509 3547 587 3612 vitia
610 3554 715 3612 autem
742 3546 903 3610 hominum
918 3550 1013 3625 atque
1029 3543 1158 3608 fraudes

123 3647 244 3718 damnis
267 3651 451 3735 ignominiis
479 3650 592 3714 vinclis
620 3649 805 3714 verberibus
828 3646 931 3712 exiliis
960 3652 1059 3709 morte
1082 3647 1157 3709 mul-

123 3759 240 3841 tantur;
266 3761 298 3819 et
314 3753 462 3818 docemur
480 3772 543 3816 non
563 3751 695 3816 infinitis
711 3748 1045 3827 concertationumque·
1055 3747 1157 3829 plenis
