2866 4110
302 183 344 246 34
551 197 665 251 urana
683 197 705 250 1.
737 195 874 250 oaesi.
905 196 1083 258 sier-143.

302 391 433 456 cuperes
455 392 518 436 non
542 371 648 436 fuisse.
695 370 773 434 nihil
796 370 881 434 enim
904 368 1008 433 dicam
1031 367 1237 448 reconditum,
1261 367 1340 430 nihil

303 476 525 560 expectatione
552 481 657 540 vestra
684 473 826 557 dignum,
849 472 928 536 nihil
958 479 1012 536 aut
1042 469 1219 536 inauditum
1249 471 1343 536 vobis

302 585 356 643 aut
372 579 518 660 cuiquam
537 599 664 643 novum.
702 598 777 642 nam
800 576 963 660 principio,
978 575 1011 639 id
1035 575 1120 656 quod
1143 579 1190 640 est
1212 574 1340 639 homine

302 683 443 766 ingenuo
465 683 700 764 liberaliterque
727 680 861 747 educato
884 679 1025 764 dignum,
1049 700 1113 744 non
1135 680 1263 763 negabo
1291 700 1340 743 me

304 787 365 851 ista
386 787 526 850 omnium
555 785 733 851 communia
761 789 793 848 et
820 783 954 848 contrita
976 789 1148 867 praecepta
1174 781 1339 848 didicisse:
1360 805 1374 852 s

236 908 285 955 138
304 891 440 973 primum
464 888 756 958 oratorisoffioium
784 907 854 952 esse
882 885 987 951 dicere
1014 886 1056 950 ad
1083 885 1341 969 persuadendum

304 990 558 1074 adcommodate;
582 990 698 1055 deinde
722 1009 791 1055 esse
814 1010 940 1054 omnem
960 990 1133 1054 orationem
1156 995 1211 1054 aut
1235 988 1275 1053 de
1299 990 1342 1053 in-

304 1095 413 1160 finitae
436 1095 481 1159 rei
505 1095 690 1177 quaestione
718 1093 786 1158 sine
815 1093 1036 1176 designatione
1058 1113 1265 1176 personarum
1289 1100 1342 1159 aut

305 1206 481 1283 temporum
511 1205 566 1262 aut
596 1197 636 1262 de
666 1183 705 1261 re
729 1197 824 1262 certis
851 1197 883 1260 in
911 1197 1054 1280 personis
1081 1217 1119 1261 ae
1146 1197 1343 1280 temporibus

238 1321 286 1368 131
305 1304 416 1368 locata.
451 1302 485 1365 in
509 1307 642 1383 utraque
670 1306 776 1366 autem
799 1321 834 1364 re
861 1299 1012 1382 quioquid
1039 1300 1072 1363 in
1096 1289 1343 1366 controversiam
1364 1323 1391 1368 ro

305 1406 423 1486 veniat,
447 1405 480 1474 in
504 1423 541 1469 eo
564 1405 673 1486 quaeri
701 1405 802 1469 solere
824 1411 879 1468 aut
902 1403 1063 1468 factumne
1090 1404 1131 1468 sit
1153 1410 1217 1484 aut,
1245 1403 1273 1468 si
1297 1409 1345 1468 est

306 1509 435 1588 lactum,
464 1509 556 1589 quale
588 1509 630 1573 sit
658 1514 713 1572 aut
741 1508 837 1572 etiam
868 1527 929 1588 quo
960 1507 1087 1573 nomine
1119 1513 1249 1572 vocetur
1279 1514 1343 1588 aut,

238 1629 288 1678 140
307 1611 391 1694 quod
414 1632 477 1676 non
495 1612 573 1676 nulli
588 1611 719 1692 addunt,
736 1617 863 1676 rectene
878 1611 997 1675 factum
1014 1630 1085 1676 esse
1100 1608 1255 1675 videatur.
1288 1632 1344 1677 ex-

306 1717 401 1782 istere
430 1722 536 1781 autem
564 1715 793 1783 controversias
825 1716 919 1780 etiam
952 1735 993 1779 ex
1023 1714 1131 1798 scripti
1160 1715 1346 1798 interpreta-

306 1818 401 1900 tione,
425 1819 458 1883 in
482 1840 543 1901 quo
565 1826 620 1884 aut
634 1819 785 1903 ambigue
800 1819 877 1901 quid
892 1819 933 1884 sit
948 1819 1098 1901 scriptum
1118 1825 1173 1882 aut
1189 1821 1345 1884 contrarie
1367 1843 1394 1888 rs

307 1929 361 1987 aut
391 1924 437 1987 ita
465 1931 498 1988 ut
525 1945 546 1988 a
572 1925 731 1990 sententia
760 1924 917 2007 scriptura
944 1921 1123 2005 dissentiat;
1157 1921 1207 1986 his
1237 1929 1345 1987 autem

308 2027 453 2092 omnibus
476 2028 619 2111 partibus
642 2028 785 2093 subiecta
808 2026 965 2108 quaedam
982 2046 1052 2091 esse
1074 2033 1263 2109 argumenta
1278 2048 1346 2111 pro·

161 2139 163 2142 ’
240 2156 287 2202 141
308 2130 385 2213 pria.
433 2129 490 2194 sed
522 2151 686 2195 causarum
718 2151 800 2212 qnae
831 2131 894 2195 sint
923 2151 944 2194 a
970 2130 1129 2195 communi
1158 2130 1346 2210 quaestione

309 2233 470 2297 seiunctae
493 2234 609 2316 partim
631 2234 664 2297 in
687 2233 813 2298 iudiciis
840 2235 970 2314 versari,
993 2233 1109 2317 partim
1132 2233 1165 2296 in
1193 2232 1346 2299 delibera-

309 2336 463 2418 tionibus,
496 2355 565 2400 esse
593 2336 687 2400 etiam
702 2327 816 2419 'genus
844 2336 980 2418 tertium,
1013 2334 1097 2418 quod
1119 2336 1152 2400 in
1175 2335 1347 2402 laudandis
1367 2360 1397 2406 so

308 2444 364 2503 aut
386 2439 607 2522 vituperandis
629 2439 810 2518 hominibus
832 2447 1014 2524 poneretur;
1039 2445 1203 2521 certosque
1219 2458 1290 2506 esse
1306 2443 1348 2506 lo-

246 2533 248 2538 ’
309 2561 362 2606 eos
397 2527 511 2622 quibus
544 2543 577 2606 in
611 2540 736 2606 iudiciis
770 2549 941 2624 uteremur,
980 2544 1013 2607 in
1053 2544 1167 2625 quibus
1200 2545 1348 2625 aequitas

309 2652 525 2729 quaereretur;
560 2646 638 2710 alios
666 2646 700 2709 in
728 2644 1022 2728 deliberationibus,
1054 2667 1134 2730 quae
1165 2666 1275 2712 omnes
1306 2648 1349 2712 ad

308 2748 476 2813 utilitatem
499 2748 709 2832 dirigerentur
733 2769 839 2814 eorum
863 2751 977 2831 quibus
994 2751 1159 2816 consilium
1182 2749 1347 2836 daremus;

310 2853 389 2918 alios
419 2853 496 2917 item
526 2853 560 2917 in
590 2850 836 2934 laudationibus
866 2854 899 2918 in
928 2854 1041 2935 quibus
1068 2854 1111 2918 ad
1141 2873 1350 2938 personarum
1370 2873 1400 2922 as

240 2979 289 3026 142
308 2955 497 3039 dignitatem
519 2956 626 3021 omnia
651 2956 849 3021 referrentur.
888 2977 1022 3039 cumque
1049 2967 1133 3022 esset
1155 2958 1258 3023 omnis
1282 2980 1352 3024 ora-

309 3059 384 3123 toris
406 3061 456 3124 vis
478 3080 517 3124 ac
539 3059 674 3124 facultas
696 3060 729 3123 in
753 3060 893 3142 quinque
915 3066 1021 3144 partes
1037 3060 1214 3141 distributa,
1238 3069 1272 3125 ut
1296 3061 1351 3126 de-

308 3165 398 3229 beret
419 3164 557 3246 reperire
579 3163 714 3246 primum
738 3163 815 3246 quid
837 3164 965 3244 diceret,
990 3164 1105 3229 deinde
1128 3165 1260 3229 inventa
1282 3185 1351 3230 non

291 3266 410 3332 ¹solnm
433 3266 553 3348 ordine,
577 3266 634 3332 sed
657 3266 753 3332 etiam
777 3275 935 3332 momento
959 3267 1096 3350 quodam
1111 3273 1207 3348 atque
1230 3268 1352 3333 iudicio

310 3370 493 3455 dispensare
516 3378 611 3452 atque
633 3391 831 3455 componere,
856 3378 922 3435 tum
945 3391 983 3435 ea
1006 3372 1144 3453 denique
1165 3369 1284 3436 vestire
1305 3380 1353 3436 at·
1372 3389 1402 3438 30

310 3493 371 3555 que
394 3494 506 3539 ornare
522 3474 671 3555 oratione,
695 3480 766 3558 post
787 3474 937 3538 memoria
953 3475 1086 3557 saepire,
1110 3473 1152 3538 ad
1169 3480 1353 3541 extremum

243 3594 292 3642 143
310 3597 405 3660 agere
429 3597 501 3641 oum
524 3576 679 3662 dignitate
701 3599 741 3642 ao
765 3583 947 3643 venustate:
961 3577 1072 3648 etiam
1098 3577 1152 3641 illa
1176 3598 1354 3661 cognoram

311 3686 343 3743 et
365 3699 560 3763 acceperam,
588 3689 663 3747 ante
690 3702 785 3764 quam
817 3681 857 3745 de
884 3699 917 3744 re
944 3679 1131 3760 diceremus,
1164 3680 1253 3744 initio
1278 3703 1355 3749 oon·

311 3781 465 3848 oiliandos
488 3804 594 3849 eorum
621 3806 690 3851 esse
717 3785 840 3850 animos
871 3783 924 3864 qui
946 3780 1109 3866 audi1·ent;
1138 3781 1254 3848 deinde
1281 3806 1356 3851 rem
