2866 4110
294 187 336 250 60
366 249 368 254 ,
510 201 662 255 LIBERI.
694 200 776 256 CAP.
790 204 900 257 55-56.
931 202 1108 264 §234-238.

293 376 364 459 plus
391 396 506 460 operae
535 369 715 456 laborisque
749 393 999 457 consumpseras,
1034 393 1105 438 cum
1136 373 1203 437 eius
1235 373 1330 438 studii

288 473 351 544 'tibi
374 485 405 544 et
427 479 567 544 hortator
594 484 626 542 et
656 477 807 560 magister
830 484 913 542 esset
936 476 1029 556 domi,
1053 476 1172 541 veritus
1196 496 1241 557 es,
1270 476 1330 542 nisi

293 583 387 648 istam
402 588 503 647 artem
518 581 659 646 oratione
674 599 914 664 exaggerasses,
928 601 969 644 ne
983 600 1112 663 operam
1123 579 1328 664 perdidisses.

225 706 275 756 235
294 685 350 751 sed
374 706 433 769 ego
456 705 496 748 ne
521 705 591 749 eum
613 685 674 749 ista
698 683 825 766 quidem
847 690 915 748 arte
937 703 1053 766 pugno.
1086 683 1126 748 sit
1146 701 1224 746 sane
1241 689 1331 747 tauta

294 795 446 871 quantam
468 795 502 852 tu
524 788 611 852 illam
640 807 710 852 esse
737 787 786 852 vis
810 825 851 834 -
875 787 992 851 etenim
1019 786 1088 850 sine
1116 787 1358 852 controversiae
1416 859 1417 880 ,

294 899 324 956 et
347 912 465 975 magna
481 898 529 957 est
544 897 576 955 et
591 891 654 955 late
669 897 757 974 patet
773 890 861 954 etad
877 890 991 954 multos
1006 890 1143 972 pertinet
1159 896 1191 954 et
1207 910 1330 956 summo
1416 885 1417 946 l

292 997 325 1059 in
348 995 466 1060 honore
489 1014 613 1079 semper
638 994 698 1058 fuit
713 1001 744 1058 et
760 993 924 1058 clarissimi
940 994 1025 1058 cives
1042 993 1071 1056 ei
1086 991 1190 1077 studio
1208 990 1329 1080 [eticae]

293 1097 387 1163 hodie
410 1105 562 1181 praesunt
588 1137 631 1144 —
661 1097 718 1162 sed
745 1097 829 1177 vide,
853 1098 976 1173 Crasse,
994 1116 1058 1177 ne,
1089 1095 1165 1160 dum
1192 1116 1277 1161 novo
1301 1105 1331 1161 et

292 1201 397 1266 alieno
424 1208 537 1266 ornatu
567 1202 645 1266 velis
677 1221 788 1266 ornare
818 1201 895 1266 iuris
929 1200 1030 1265 civilis
1064 1200 1239 1278 scientiam,
1275 1219 1330 1264 suo

293 1325 418 1386 quoque
442 1323 513 1368 eam
536 1324 685 1370 concesso
708 1311 739 1369 et
762 1303 877 1370 tradito
905 1304 1021 1388 spolies
1048 1310 1144 1385 atque
1175 1302 1328 1368 denudes.
1349 1303 1394 1364 ro'

124 1479 126 1483 ,
224 1429 274 1476 aas
293 1428 367 1471 nam
390 1408 417 1472 si
439 1407 484 1470 ita
507 1407 637 1488 diceres,
670 1408 723 1489 qui
750 1407 826 1472 iuris
856 1407 1016 1472 consultus
1044 1413 1138 1487 esset,
1163 1425 1233 1471 esse
1258 1426 1330 1470 eum
1416 1381 1417 1410 ¹

293 1517 458 1591 oratorem,
482 1511 620 1592 itemque
647 1511 701 1592 qui
731 1517 953 1591 esset-orator,
981 1510 1058 1574 iuris
1088 1507 1225 1574 eundem
1260 1529 1330 1575 esse

250 1601 252 1605 ⁸
294 1615 480 1695 consultum,
502 1615 682 1699 praeclaras
704 1612 784 1680 duas
806 1615 883 1679 artis
907 1614 1113 1679 constitueres
1128 1619 1225 1693 atquc
1248 1613 1331 1677 inter

292 1719 434 1800 separis
457 1723 489 1783 et
517 1717 668 1799 eiusdemv
689 1719 790 1783 socias
818 1717 991 1801 dignitatis.
1037 1723 1122 1780 nunc
1149 1733 1225 1778 vcro
1254 1715 1330 1780 iuris

293 1822 469 1886 consultum
492 1822 561 1887 sine
583 1822 644 1886 hac
667 1821 846 1904 eloquentia
868 1821 909 1885 de
932 1841 995 1902 qua
1017 1819 1197 1902 quaerimus
1221 1818 1380 1884 fateris1e

292 1944 361 1992 esse
384 1945 476 2009 posse
498 1925 660 2008 fuisseque
682 1925 846 2010 plurimos3
870 1930 1025 1988 oratorem
1039 1942 1149 2006 negas,
1165 1922 1228 1986 nisi
1243 1921 1330 1986 illam

292 2028 457 2093 scientiam
480 2028 702 2112 adsumpserit,
728 2048 797 2126 esse
819 2047 927 2112 posse:
950 2026 996 2090 ita
1019 2033 1066 2090 est
1088 2025 1147 2089 tibi
1166 2025 1244 2090 iuris
1259 2046 1330 2091 con-

292 2131 392 2196 sultus
414 2132 483 2214 ipse
505 2151 562 2214 per
585 2152 619 2196 se
641 2131 721 2195 nihil
743 2131 805 2195 nisi
831 2128 985 2212 leguleius
1009 2127 1138 2211 quidam
1160 2134 1274 2192 cautus
1298 2137 1329 2194 et

242 2226 245 2231 ’
291 2241 412 2314 acutus,
436 2253 550 2316 praeco
572 2235 742 2313 actionum,
766 2240 875 2298 cantor
897 2232 1110 2313 formularum,
1133 2251 1252 2315 auceps
1269 2232 1330 2314 syl-

292 2335 450 2419 labarum;
479 2335 534 2399 sed
558 2336 633 2416 quia
656 2355 752 2419 saepe
779 2336 876 2400 utitur
898 2343 1002 2400 orator
1025 2333 1164 2400 subsidio
1195 2335 1273 2400 iuris
1296 2336 1329 2398 in
1350 2347 1383 2395 ro

292 2438 405 2518 causis,
429 2436 546 2501 idcirco
561 2438 655 2502 istam
670 2437 748 2502 iuris
764 2438 929 2502 scientiam
945 2438 1144 2520 eloquentiae
1164 2444 1329 2520 tamquam

290 2540 469 2604 ancillulam
492 2539 761 2624 pedisequamque
784 2524 968 2606 adiunxisti.

221 2623 290 2743 ἐξ·
395 2642 487 2720 Quod
510 2653 585 2708 vero
609 2643 838 2727 impudentiam
861 2644 1033 2708 admiratus
1050 2664 1084 2710 es
1100 2664 1207 2709 eorum
1223 2651 1328 2729 patro·

290 2767 400 2811 norum
425 2747 478 2828 qui
501 2753 565 2827 aut,
590 2767 660 2811 eum
683 2767 782 2831 parva
804 2747 971 2827 nescirent,
1002 2767 1120 2830 magna
1143 2746 1329 2830 profiteren-

289 2856 340 2914 tur
362 2857 417 2914 aut
446 2870 484 2914 ea
515 2871 595 2932 quae
626 2851 766 2916 maxima
793 2857 900 2916 essent
929 2851 962 2913 in
985 2850 1052 2914 iure
1081 2850 1165 2941 civili
1191 2856 1330 2916 tractare
1353 2863 1390 2909 25

289 2952 443 3018 auderent
464 2953 497 3017 in
522 2953 634 3034 causis,
658 2973 729 3018 cum
753 2974 791 3018 ea
813 2953 973 3018 nescirent
988 2973 1224 3036 numquamque
1248 2953 1330 3018 didi-

289 3056 415 3136 cissent,
447 3056 608 3138 utriusque
638 3057 683 3120 rei
713 3056 815 3120 facilis
846 3061 898 3120 est
928 3061 960 3120 et
995 3063 1141 3138 prompta
1170 3055 1327 3121 defensio.

289 3179 363 3222 narn
382 3179 487 3241 neque
506 3158 584 3223 illud
605 3165 653 3224 est
672 3157 860 3241 mirandum,
885 3159 939 3239 qui
962 3158 1076 3239 quibus
1095 3158 1202 3223 verbis
1225 3167 1330 3224 coe'm·

288 3261 354 3346 ptio
369 3261 425 3327 fiat
440 3262 571 3343 neseiat,
593 3254 729 3327 eundem
750 3261 817 3326 eius
837 3261 976 3326 mulieris
996 3281 1079 3343 quae
1094 3262 1329 3345 coemptionem

287 3364 398 3429 fecerit
421 3384 548 3430 causam
571 3384 665 3448 posse
688 3363 873 3446 defendere;
897 3383 966 3444 nee,
982 3363 1010 3427 si
1031 3364 1124 3446 parvi
1147 3364 1270 3448 navigii
1295 3371 1329 3430 et
1356 3378 1398 3424 30

289 3468 396 3550 magni
424 3466 537 3532 eadem
567 3474 614 3531 cst
644 3468 676 3529 in
707 3465 914 3548 gubernando
945 3465 1088 3546 scientia,
1119 3465 1246 3546 idcirco,
1270 3468 1329 3549 qui

288 3570 402 3650 quibus
425 3569 531 3634 verbis
554 3568 696 3632 heretum
720 3568 795 3632 cieri
818 3574 961 3650 oporteat
983 3569 1115 3649 nesciat,
1147 3567 1233 3634 idem
1256 3569 1328 3634 her-

118 3701 124 3707 ·
219 3671 457 3737 resciscundae
479 3670 619 3734 familiae
643 3689 772 3734 causam
794 3688 890 3753 agere
906 3689 968 3733 non
984 3671 1091 3753 possit.
1138 3691 1213 3735 nam
1241 3671 1332 3754 quod

288 3773 445 3838 maximas
469 3771 712 3838 centumvirales
735 3791 847 3835 causas
871 3771 904 3833 in
927 3772 994 3835 iure
1016 3772 1134 3854 positas
1156 3775 1330 3858 protulisti,
