2834 4110
284 214 326 279 82
513 229 626 284 LIBER
644 228 681 284 ΙΙ,
711 228 795 284 cAP.
807 231 916 286 11-12.
947 229 1092 293 §47-52.

231 405 384 490 acceptis
406 405 481 470 suis.
525 425 602 469 nam
624 410 656 469 et
677 403 892 469 testimonium
915 421 1012 488 saepe
1035 400 1208 467 dicendum
1224 409 1274 468 est
1289 422 1327 468 ac

283 529 347 574 non
369 529 543 591 numquam
566 507 662 572 etiam
684 507 874 587 adcuratius‚
897 512 933 570 ut
955 505 1034 570 mihi
1055 525 1188 572 neccsse
1208 505 1271 572 fuit
1293 507 1327 572 in

283 613 357 679 Sex.
374 610 493 676 litium
516 610 701 676 seditiosum
725 609 827 675 civem
851 615 882 675 et
905 608 1139 674 turbulentum:
1163 610 1326 694 explicavi

283 716 317 781 in
341 736 377 782 eo
400 714 579 780 testimonio
602 713 738 779 dicendo
760 713 868 778 omnia
890 713 1022 778 eonsiha
1043 713 1228 778 consulatus
1251 715 1325 796 mci,

284 820 399 902 quibus
431 818 478 883 illi
511 818 638 884 tribuno
671 817 774 902 plebis
807 838 864 901 pro
897 836 931 882 re
964 817 1093 901 pubHca
1125 817 1357 900 restitissems

284 942 429 1005 quaeque
452 922 494 986 ab
518 941 565 986 eo
578 927 687 985 contra
708 942 777 986 rem
798 920 958 1005 publicam
985 920 1071 986 facta
1085 921 1260 988 arbitrarer
1275 943 1327 988 ex·

284 1026 393 1110 posui;
417 1024 472 1089 diu
493 1030 636 1090 retentus
659 1044 739 1106 sum,
763 1024 863 1089 multa
885 1024 1003 1106 andivi,
1034 1025 1135 1089 multa
1163 1025 1325 1110 respondi.

284 1149 360 1193 num
382 1129 479 1212 igitur
500 1128 615 1212 placet,
639 1146 712 1192 cum
734 1127 775 1192 de
799 1127 979 1210 eloquentia
1000 1128 1189 1212 praecipias,
1205 1129 1328 1211 ahquid

286 1233 383 1297 ctiam
414 1231 454 1296 de
483 1230 673 1296 testimoniis
703 1230 847 1296 dicendis
880 1231 972 1312 qnasi
1005 1233 1039 1295 in
1068 1237 1137 1296 arte
1165 1228 1327 1298 tradere?'

230 1309 265 1431 ἐξ
287 1329 377 1400 ‘nihil
400 1330 488 1400 sane'
504 1334 607 1417 inquit
631 1335 762 1400 Catulus
786 1327 929 1400 ‘neccsse
952 1329 1021 1399 est'
1043 1330 1154 1417 ‘quidt’
1178 1336 1215 1416 si,
1241 1336 1327 1418 quod
1347 1356 1373 1402 m

284 1459 381 1524 saepe
404 1437 534 1504 summis
556 1438 633 1504 viris
654 1438 781 1519 accidit,
804 1437 957 1502 mandata
979 1439 1043 1503 sint
1066 1438 1259 1522 exponenda
1273 1445 1329 1505 aut

283 1543 318 1607 in
341 1548 455 1608 senatu
475 1544 518 1608 ab
541 1543 732 1627 imperatore
754 1550 808 1608 aut
830 1541 874 1607 ad
895 1543 1118 1627 imperatorem
1140 1549 1196 1607 aut
1218 1543 1262 1608 ad
1281 1564 1328 1608 re

284 1654 435 1730 gemant
456 1645 499 1711 ad
521 1646 671 1732 populum
694 1646 833 1729 aliquem
860 1667 881 1710 a
903 1652 1026 1727 senatu,
1056 1667 1142 1727 num,
1174 1647 1250 1729 quia
1276 1668 1329 1731 ge-

285 1770 361 1815 nere
384 1749 535 1816 orationis
556 1750 591 1814 in
614 1749 791 1816 eiusmodi
815 1749 919 1815 causis
942 1749 1140 1814 adcuratiore
1168 1756 1216 1814 est
1239 1757 1327 1815 uten-

285 1853 370 1936 dum,
393 1853 511 1919 idcirco
534 1853 630 1918 etiam
652 1874 727 1938 pars
748 1853 829 1918 haec
859 1872 1026 1918 causarum
1055 1852 1253 1919 numeranda
1282 1855 1328 1918 vi·
1346 1871 1375 1921 15

285 1958 377 2023 detur
399 1964 453 2023 ant
474 1959 611 2043 propriis
633 1957 812 2042 praeceptis
835 1955 1021 2022 instruenda
1029 1950 1056 2020 ‘i’
1083 1949 1224 2022 ‘minime
1240 1952 1328 2023 vero’

285 2062 388 2144 inquit
416 2063 564 2146 Oatulus3
587 2055 662 2127 ‘non
687 2061 772 2126 enim
795 2059 897 2124 deerit
918 2059 1040 2124 homini
1062 2058 1180 2124 diserto
1203 2060 1236 2124 in
1260 2061 1328 2125 eius

285 2165 371 2232 modi
393 2167 489 2231 rebus
519 2163 655 2230 facultas
686 2184 728 2228 cx
760 2163 873 2229 ceteris
895 2163 990 2228 rebus
1017 2169 1049 2228 ct
1077 2163 1181 2228 causis
1204 2183 1328 2248 compa-

233 2280 265 2330 50
285 2266 376 2334 rata.²
421 2261 509 2352 ‘ergo
531 2262 619 2331 item'
641 2267 745 2349 inquit
766 2260 841 2347 ‘illa
858 2287 940 2349 qnae
956 2286 1052 2350 saepe
1067 2265 1186 2332 diserte
1201 2266 1328 2351 agenda

287 2378 360 2437 sunt
382 2378 415 2435 ct
437 2389 519 2452 quae
542 2390 601 2454 ego
624 2370 719 2454 paulo
735 2375 819 2450 ante,
837 2390 908 2434 cum
924 2370 1137 2452 eloquentiam
1151 2369 1326 2453 laudarem,
1344 2390 1375 2438 ao

284 2475 353 2540 dixi
376 2473 508 2539 oratoris
531 2493 610 2554 csse,
634 2492 737 2554 neque
753 2472 874 2538 habent
888 2493 980 2539 suum
995 2475 1098 2539 locum
1113 2473 1211 2539 ullum
1233 2475 1267 2541 in
1283 2475 1327 2539 di·

285 2578 408 2645 visione
435 2577 572 2662 partium
603 2596 708 2659 neque
742 2583 863 2642 certum
893 2585 1133 2664 praeceptorum
1163 2598 1267 2663 genus
1295 2585 1327 2644 et

285 2681 412 2768 agenda
434 2687 508 2746 sunt
536 2701 601 2744 non
632 2679 737 2746 minus
767 2680 884 2746 diserte
914 2702 1009 2763 quam
1040 2703 1122 2765 quae
1149 2683 1183 2746 in
1205 2683 1261 2749 lite
1283 2683 1327 2747 di-

288 2792 410 2867 cuntur,
442 2784 619 2868 obiurgatio
650 2784 822 2850 cohortatio
853 2785 1032 2850 consolatio.
1081 2805 1213 2868 quorum
1247 2787 1327 2852 nihil

288 2897 336 2956 est
359 2889 443 2973 quod
465 2910 530 2955 non
553 2908 676 2954 summa
698 2888 825 2954 dicendi
855 2896 1042 2955 ornamenta
1069 2888 1240 2975 desideret3
1270 2889 1326 2956 sed
1343 2907 1375 2956 as

286 3015 328 3060 ex
350 2993 483 3059 artificio
506 3013 557 3059 res
586 2993 667 3059 istae
696 2999 867 3078 praecepta
893 3013 957 3058 non
987 2989 1164 3076 quaerunt.³
1209 2986 1327 3078 ‘plane'

285 3097 387 3180 inquit
411 3096 541 3163 Catulus
563 3089 756 3163 ‘adsentior'

233 3221 263 3268 51
390 3195 472 3285 ‘Age
494 3195 581 3266 vero'
595 3199 699 3284 inquit
713 3200 872 3266 Antonius
887 3193 1000 3283 ‘qualis
1021 3199 1152 3267 oratoris
1168 3207 1200 3265 et
1216 3201 1326 3283 quanti

287 3305 425 3371 hominis
447 3305 480 3370 in
504 3304 639 3370 dicendo
669 3310 763 3389 putas
794 3323 864 3370 csse
885 3304 1048 3369 historiam
1079 3301 1256 3370 scribercl'
1278 3298 1325 3385 ‘si,

290 3417 323 3474 ut
350 3409 464 3475 Gracci
498 3409 701 3494 scripserunt,
733 3404 858 3474 summi’
892 3407 995 3489 inquit
1028 3407 1173 3492 Catulum
1210 3402 1259 3490 ‘si,
1293 3414 1327 3472 ut
1344 3425 1376 3473 ac

287 3511 397 3592 nostri,
421 3511 500 3576 nihil
523 3531 601 3596 opus
624 3518 672 3578 est
694 3518 831 3597 oratorc;
862 3511 940 3577 satis
970 3517 1019 3576 est
1050 3531 1115 3575 non
1145 3529 1216 3576 esse
1241 3531 1328 3577 men-

288 3608 421 3677 dacem.>
464 3607 575 3696 ‘atqui
598 3636 639 3681 ne
666 3622 789 3682 nostros
818 3610 1013 3694 contemnas*>
1039 3613 1143 3696 inquit
1168 3615 1328 3681 Antonius

287 3708 412 3782 ‘Gracci
444 3738 567 3800 quoquc
604 3719 665 3804 ipsi
696 3720 742 3785 sic
771 3719 861 3784 initio
892 3718 1117 3801 scriptitarunt,
1154 3724 1189 3782 ut
1220 3727 1327 3786 noster
1406 3743 1407 3796 p
