2834 4110
284 178 326 242 90
506 196 619 249 LIBER
637 195 674 250 11.
710 195 793 249 cAP.
809 198 917 252 18-19.
954 199 969 259 ἓ
987 198 1098 250 76-79.

285 370 370 435 enim
392 376 456 462 aut
479 368 685 454 adrogantius
719 375 775 434 aut
806 369 969 451 loquacius
998 367 1067 435 ficri
1101 369 1205 452 potuit
1233 389 1327 451 quam

158 526 161 530 .
284 474 468 555 Hannibali,
493 474 546 557 qui
568 480 614 538 tot
636 473 729 537 annis
745 472 785 537 de
807 473 939 557 imperio
955 493 1029 539 cum
1050 474 1168 557 populo
1184 475 1327 538 Romano

255 659 258 664 ,
285 578 426 644 omnium
455 577 599 663 gentium
629 577 750 642 victore
773 583 934 658 certasset,
966 576 1123 642 Graecum
1152 576 1326 658 hominem,

285 683 340 764 qui
366 702 539 763 numquam
569 681 703 761 hostem,
734 700 908 762 numquam
938 686 1043 746 castra
1064 679 1208 765 vidisset,
1241 701 1328 746 num-

277 805 380 867 quam
403 784 541 867 denique
565 783 728 848 minimam
758 790 881 867 partem
909 784 1003 850 ullius
1036 783 1154 868 publici
1185 785 1360 850 munerisu

133 889 136 894 '
180 918 182 922 ·
284 887 452 971 attigisset,
476 892 646 971 praecepta
662 885 702 950 de
724 906 759 951 re
781 886 908 952 militari
925 886 1023 952 dare?
1046 886 1107 951 boc
1122 886 1201 951 mihi
1222 888 1329 952 facere

285 1010 396 1056 omnes
430 990 484 1055 isti
513 990 568 1071 qui
597 989 638 1054 de
671 996 739 1054 arte
771 987 898 1054 dicendi
932 990 1133 1074 praecipiunt
1162 990 1328 1075 videntur,

286 1093 372 1176 quod
394 1094 478 1158 enim
500 1094 562 1178 ipsi
585 1093 710 1177 experti
733 1113 796 1158 uon
819 1100 903 1174 suut,
926 1092 961 1158 id
976 1093 1092 1160 docent
1116 1100 1247 1159 ceteros.
1273 1092 1331 1160 sed

287 1197 346 1262 hoc
361 1199 467 1262 minus
482 1196 616 1262 fortasse
636 1203 753 1278 errant,
769 1196 854 1279 quod
877 1217 941 1262 uon
964 1204 1006 1280 te,
1030 1204 1065 1263 ut
1080 1190 1329 1279 ‘Hannibalem',

233 1373 269 1426 19
286 1301 343 1367 sed
366 1321 482 1386 pueros
504 1306 559 1366 aut
581 1300 835 1366 adulescentulos
858 1300 971 1368 docere
995 1297 1171 1367 conantur.³
1350 1318 1376 1365 ιο

135 1441 137 1448 ,
235 1447 267 1494 Π
375 1399 510 1487 ·‘Erras,
539 1401 661 1471 Catule’
690 1405 793 1486 inquit
819 1405 996 1491 Antonius;
1031 1398 1118 1471 ‘nam
1141 1412 1271 1489 egomet
1297 1407 1331 1471 in

285 1510 402 1575 multos
431 1510 495 1575 iam
516 1508 725 1574 Phormiones
747 1508 854 1574 incidi.
907 1509 979 1591 quis
1002 1510 1087 1574 enim
1118 1516 1167 1574 est
1196 1509 1331 1575 istorum

287 1613 480 1679 Graecorum
503 1612 557 1695 qui
578 1632 769 1696 quemquam
792 1619 934 1678 nostrum
951 1613 1120 1695 quicquam
1143 1613 1331 1697 intellegere

287 1716 476 1783 arbitretur?
500 1736 538 1782 ac
560 1716 639 1781 mihi
661 1716 790 1798 quidem
813 1736 876 1780 non
899 1716 945 1782 ita
966 1716 1092 1782 molesti
1114 1722 1205 1800 sunt,
1237 1717 1332 1782 facile
1375 1763 1376 1766 ,

287 1841 397 1887 omnes
418 1820 577 1906 perpetior
599 1828 631 1886 et
660 1819 794 1904 perfero.
841 1841 916 1884 nam
946 1826 1002 1884 aut
1030 1818 1151 1902 aliquid
1180 1819 1332 1886 adserunt
1351 1835 1378 1883 15
1414 1839 1415 1882 1

288 1914 373 2007 quod
395 1924 473 1990 mihi
496 1945 559 1990 non
584 1923 751 2008 displiceat
779 1929 835 1988 aut
857 1922 999 1988 efficiunt
1021 1930 1057 1987 ut
1086 1943 1137 1988 me
1163 1943 1237 2012 nou
1252 1922 1331 1988 didi-

288 2029 369 2094 cisse
392 2028 496 2094 minus
518 2028 689 2113 paeniteat.
729 2026 852 2092 dimitto
874 2033 982 2092 autem
1005 2046 1059 2094 eos
1082 2046 1146 2092 non
1169 2032 1236 2091 tam
1261 2048 1331 2093 con·

287 2132 452 2198 tumeliose
475 2152 570 2214 quam
593 2130 816 2215 philosophum
839 2130 928 2195 illum
951 2131 1123 2211 Hannibal,
1154 2136 1187 2196 et
1210 2151 1248 2196 eo
1271 2130 1330 2196 for·
1386 2198 1392 2218 ἱ

288 2242 373 2301 tasse
404 2237 475 2321 plus
505 2234 609 2300 habeo
632 2235 728 2299 etiam
758 2234 888 2317 negotii.
935 2233 992 2300 sed
1019 2241 1127 2299 tamen
1151 2241 1199 2299 est
1222 2254 1330 2300 eornm

152 2411 154 2415 ,
237 2353 270 2401 ta
288 2339 442 2419 doctrina,
466 2345 619 2420 qnantum
643 2357 702 2421 ego
724 2336 865 2402 iudicare
888 2357 1029 2422 possum,
1051 2336 1250 2422 perridicula.
1288 2338 1330 2402 di·
1348 2353 1379 2400 au

288 2440 401 2506 vidant
423 2440 509 2506 enim
538 2446 637 2505 totam
665 2461 734 2504 rem
760 2440 895 2506 induas
925 2441 1034 2525 partis,
1063 2441 1098 2506 iu
1120 2460 1236 2506 causae
1260 2462 1331 2507 oon·

288 2543 475 2609 troversiam
499 2543 586 2608 etin
610 2543 813 2624 quaestionis.
853 2564 980 2610 oausam
1003 2545 1166 2629 appellant
1188 2565 1256 2610 rem
1278 2566 1330 2630 po

289 2647 381 2712 sitam
397 2647 430 2711 in
444 2646 673 2730 disceptatione
688 2665 812 2712 reorum
829 2654 860 2711 et
872 2649 1095 2728 controversia,
1112 2648 1330 2730 quaestionem

288 2757 395 2816 autem
425 2770 493 2814 rem
523 2749 659 2834 positam
693 2749 726 2813 in
761 2749 887 2816 infinita
916 2749 1128 2834 dubitatione;
1162 2750 1203 2815 de
1234 2771 1330 2816 causa

288 2859 460 2938 praecepta
475 2853 562 2934 dant,
586 2852 626 2918 de
649 2855 749 2919 altera
770 2860 860 2939 parte
880 2853 1008 2920 dicendi
1031 2855 1145 2920 mirum
1167 2855 1329 2922 silentium
1347 2873 1377 2918 aa

161 2967 164 2973 ’
238 2980 269 3027 79
289 2963 346 3023 est.
387 2956 503 3022 deinde
527 2957 666 3040 quinque
688 2958 810 3023 faciunt
833 2957 923 3041 quasi
946 2958 1090 3023 membra
1112 2959 1327 3040 eloquentiae:

198 3076 200 3082 ’
288 3061 433 3126 invenire
465 3059 541 3144 quid
571 3060 669 3142 dicas,
699 3062 832 3126 inventa
863 3061 1041 3147 disponere,
1073 3061 1188 3128 deinde
1217 3082 1328 3127 ornare

288 3165 404 3245 verbis,
428 3171 499 3248 post
521 3165 692 3230 memoriae
708 3164 869 3246 mandare,
893 3172 960 3230 tum
983 3165 1024 3230 ad
1040 3172 1218 3231 extremum
1233 3185 1328 3252 agere

289 3289 327 3334 ac
350 3268 566 3353 pronuntiare,
597 3289 665 3333 rem
695 3288 773 3334 sane
803 3289 867 3335 non
898 3268 1103 3334 reconditam.
1149 3269 1222 3351 quis
1245 3270 1327 3334 enim

288 3372 349 3438 hoc
372 3394 437 3441 non
467 3392 526 3438 sua
548 3378 661 3456 sponte
684 3370 810 3454 viderit,
841 3371 1002 3437 neminem
1023 3393 1117 3457 posse
1139 3372 1246 3438 dicere
1268 3371 1328 3438 nisi
1346 3389 1378 3438 30

289 3485 320 3543 et
343 3476 420 3560 quid
443 3477 565 3543 diceret
587 3482 619 3540 et
649 3476 765 3557 quibus
788 3477 895 3542 verbis
918 3483 950 3542 et
979 3496 1041 3558 quo
1071 3476 1181 3542 ordine
1211 3477 1328 3542 diceret

287 3580 421 3646 haberet
443 3587 475 3646 et
498 3599 537 3645 ea
567 3578 786 3644 meminisset?
824 3585 920 3662 atque
949 3577 1030 3645 haec
1053 3600 1112 3664 ego
1141 3601 1205 3645 uon
1227 3600 1327 3664 repre-

288 3683 405 3764 hendo,
437 3683 494 3750 sed
524 3688 598 3748 ante
629 3684 736 3748 oculos
766 3684 871 3768 posita
900 3703 969 3749 csse
1001 3683 1081 3765 dico,
1111 3689 1146 3748 ut
1175 3704 1231 3750 eas
1252 3685 1326 3750 item

290 3792 438 3868 quattuor
461 3787 602 3868 quinque
624 3805 724 3851 sexve
746 3787 845 3870 partis
861 3787 913 3853 vel
929 3786 1024 3852 etiam
1047 3793 1168 3872 septem
1191 3825 1234 3834 -
1258 3808 1326 3871 quo
