2834 4110
498 171 611 225 LIBER
630 169 666 225 ll.
697 170 780 224 cAP.
794 173 904 227 67-68.
935 173 1115 234 §aul-277.

893 343 987 408 homo
1010 343 1127 424 fatuus,

360 452 528 533 postquam
550 467 616 512 rem
639 447 758 512 habere
782 447 895 530 coepit,
920 454 968 512 est
990 453 1159 514 emortuus.
1267 515 1271 522 ,

361 620 438 703 quid
454 625 502 686 est
518 620 576 685 tibi
592 619 655 686 ista
677 619 813 685 mulier?
836 639 926 684 uxor.
951 619 1061 684 similis
1076 641 1128 685 me
1144 619 1214 685 dius
1230 619 1334 684 lidius.

363 792 513 875 quamdiu
536 792 578 857 ad
600 811 701 875 aquas
724 792 792 873 fuit,
817 811 991 874 numquam
1015 798 1063 857 est
1086 799 1252 859 emortuus.
1356 771 1372 818 ⁵

234 979 272 1033 68
294 986 397 1050 genus
420 966 479 1030 hoc
501 965 603 1030 levius
633 970 674 1046 ct,
705 971 740 1028 ut
762 964 840 1045 dixi,
864 964 1043 1050 mimicum3
1069 965 1126 1031 sed
1149 965 1245 1031 habet
1269 985 1336 1029 non

294 1089 469 1152 numquam
491 1067 611 1151 aliquid
635 1069 731 1133 etiam
754 1067 840 1152 apud
863 1088 921 1133 nos
944 1068 1015 1149 loci,
1043 1075 1079 1132 ut
1101 1069 1154 1134 vel
1177 1090 1239 1134 non
1262 1068 1338 1134 stul-

294 1178 346 1237 tus
368 1171 459 1254 quasi
482 1173 577 1236 stulte
600 1191 670 1236 cum
695 1172 760 1237 sale
783 1171 869 1236 dicat
891 1171 1029 1256 aliquid;
1053 1178 1089 1235 ut
1111 1173 1180 1253 tibi,
1207 1172 1336 1252 Antoni,

293 1277 429 1357 Mancia,
454 1295 525 1340 curn
548 1275 690 1341 audisset
720 1282 752 1340 te
775 1296 938 1341 censorem
961 1277 1037 1340 aM.
1055 1277 1198 1342 Duronio
1218 1276 1256 1340 de
1272 1297 1338 1341 am·
1358 1291 1388 1337 ro

294 1380 363 1446 bitu
385 1380 588 1464 postulatum,
612 1373 805 1462 ‘aliquando'
836 1379 938 1462 inquil
960 1373 1030 1445 ‘tibi
1061 1370 1150 1445 tuum
1174 1381 1337 1464 negotium

225 1500 275 1550 275
293 1503 390 1567 agere
420 1479 549 1548 licebit.³
594 1483 688 1547 valde
718 1482 799 1548 baec
828 1482 971 1547 ridentur
1006 1489 1037 1546 et
1067 1482 1195 1549 hercule
1230 1483 1339 1548 omnia
1403 1557 1404 1560 Ἴ

294 1607 376 1669 quae
406 1607 426 1650 a
456 1585 666 1670 prudentibus
702 1585 815 1673 [quasi]
850 1606 908 1670 per
940 1585 1226 1653 dissimulationem
1262 1586 1337 1674 [non

208 1748 210 1754 .
293 1688 509 1776 intellegendi]
534 1689 732 1756 subabsurde
756 1690 901 1771 salseque
925 1688 1080 1754 dicuntur.
1128 1711 1169 1754 ex
1195 1712 1255 1774 quo
1286 1711 1338 1775 ge-

294 1813 370 1858 nere
403 1801 451 1859 est
481 1795 577 1859 etiam
607 1814 670 1858 non
702 1793 804 1857 videri
827 1793 1012 1876 intellegere
1040 1793 1124 1874 quod
1148 1794 1385 1879 intellegas31c

292 1905 328 1962 ut
351 1898 516 1963 Pontidius
540 1891 677 1979 ‘qualem
705 1897 869 1962 existimas
900 1897 953 1980 qui
983 1897 1016 1961 in
1039 1897 1195 1962 adulterio
1227 1899 1338 1983 depre-

292 1996 475 2066 henditur?'
498 1993 664 2066 ‘tardum!'
685 2006 720 2064 ut
744 2021 803 2084 ego
827 2001 882 2083 qui
905 2002 937 2064 in
962 1999 1079 2066 dilectu
1102 2002 1241 2083 Metello,
1267 2023 1337 2066 oum

294 2104 533 2170 excusationem
556 2105 716 2170 oculorum
743 2124 763 2168 a
792 2124 844 2168 me
872 2125 935 2169 non
960 2105 1117 2188 acciperet
1146 2111 1178 2168 et
1202 2105 1338 2170 dixisset

296 2201 341 2272 ‘tu
365 2208 461 2292 igitur
484 2208 563 2272 nihil
585 2204 710 2272 vides?'
756 2200 826 2291 ‘ego
849 2203 936 2272 vero'
958 2207 1088 2290 inquam
1111 2201 1142 2271 ‘a
1164 2215 1258 2292 porta
1285 2211 1337 2273 Es-

223 2332 274 2380 nuc
294 2311 415 2394 quilina
437 2311 531 2376 video
553 2312 661 2377 villam
685 2308 794 2375 tuam?
839 2310 972 2375 utillud
996 2311 1149 2376 Nasicae:
1183 2313 1238 2395 qui
1266 2334 1336 2378 oum
1354 2325 1385 2373 ao

293 2414 335 2478 ad
365 2421 491 2498 poetam
521 2414 660 2478 Ennium
693 2414 837 2479 venisset
871 2415 963 2496 eique
992 2415 1033 2479 ab
1065 2414 1144 2479 ostio
1170 2416 1337 2496 quaerenti

293 2517 430 2581 Ennium
458 2517 573 2581 ancilla
600 2517 734 2582 dixisset
761 2509 857 2583 ‘domi
884 2539 949 2582 non
977 2514 1067 2599 esse',
1090 2518 1210 2583 Nasica
1238 2520 1337 2586 sensit

293 2621 380 2685 illam
407 2620 527 2685 domini
553 2621 641 2687 iussu
667 2621 788 2686 dixisse
816 2628 847 2686 et
874 2609 962 2686 il'lum
986 2622 1075 2687 intus
1099 2641 1178 2688 esse.
1225 2624 1337 2708 paucis

293 2730 366 2808 post
388 2723 501 2789 diebus
524 2725 660 2789 eumad
684 2726 834 2790 Nasicam
857 2725 998 2790 venisset
1020 2725 1142 2790 Ennius
1166 2732 1198 2791 et
1221 2747 1295 2792 eum
1318 2749 1337 2792 a

293 2829 390 2892 ianua
412 2835 587 2910 quaereret,
611 2830 768 2894 exclamat
791 2829 910 2894 Nasica
932 2821 1028 2893 ‘domi
1050 2849 1114 2893 non
1138 2825 1229 2895 esse’.
1270 2838 1336 2896 tum
1353 2841 1383 2891 25

293 2931 415 2997 Ennius
438 2925 551 3014 ‘quidl
575 2953 634 3017 ego
656 2954 721 2997 non
745 2953 900 3017 cognosco
922 2928 1044 2998 vocem²
1073 2932 1177 3014 inquit
1200 2925 1336 2998 ‘tuaml'
1403 2973 1404 3000 r

294 3036 346 3100 hic
368 3035 486 3101 Nasica
508 3028 612 3102 ‘homo
635 3057 669 3102 es
692 3037 877 3121 impudens:
902 3057 961 3120 ego
986 3055 1057 3100 cum
1079 3042 1111 3100 te
1140 3055 1335 3119 quaererem,

294 3139 430 3204 ancillae
452 3146 526 3205 tuae
549 3140 669 3205 credidi
692 3147 723 3206 te
747 3140 831 3204 domi
854 3161 917 3204 nou
934 3159 1013 3221 esse,
1037 3146 1071 3203 tu
1094 3139 1172 3204 mihi
1192 3161 1257 3205 non
1274 3162 1336 3206 cre-

294 3244 343 3310 dis
366 3241 469 3328 ipsi‘l'

225 3363 275 3412 171
397 3348 455 3413 Est
477 3348 595 3414 bellum
618 3347 696 3411 illud
719 3366 852 3429 quoque,
877 3367 918 3411 ex
942 3367 1003 3430 quo
1025 3348 1052 3412 is
1076 3347 1130 3430 qui
1152 3347 1236 3412 dixit
1263 3349 1335 3414 inri-
1352 3363 1381 3411 as

294 3452 385 3518 detur
406 3453 440 3518 in
464 3474 501 3518 eo
523 3452 593 3538 ipso
616 3471 733 3536 genere
756 3472 818 3534 quo
842 3451 940 3537 dixit3
971 3457 1006 3515 ut
1033 3472 1105 3516 cum
1133 3450 1171 3528 Q.
1189 3451 1334 3536 Opimius
1365 3469 1384 3549 q

294 3559 476 3641 consularis,
501 3558 556 3640 qui
578 3555 836 3623 adulescentulus
858 3558 941 3622 male
964 3555 1113 3638 audisset,
1142 3557 1259 3622 festivo
1282 3557 1334 3623 ho-

293 3661 371 3726 mini
387 3663 513 3746 ¹Egilio,
549 3661 602 3744 qui
631 3660 792 3726 videretur·
824 3661 946 3726 mollior
978 3681 1038 3725 neo
1072 3667 1165 3742 esset,
1200 3660 1334 3727 dixisset

293 3757 380 3847 ‘quid
403 3772 446 3846 tu,
471 3766 575 3850 Egilia
597 3766 691 3831 mea?
715 3765 842 3847 quando
863 3765 905 3828 ad
928 3785 979 3829 me
995 3765 1086 3830 venis
1102 3785 1174 3830 cum
1189 3771 1245 3830 tua
1264 3766 1333 3831 colu
