2866 4110
296 199 336 264 38
364 256 367 260 ,
512 215 663 268 111111.
695 213 903 268 canat-35.
934 178 1113 277 1151-111.

295 388 523 454 consuetudine
561 387 604 451 ad
637 387 776 468 aliquam
814 385 1046 451 deformitatem
1080 385 1340 469 pravitatemque

227 516 275 563 157
294 492 469 558 veniamus.
517 489 698 555 exercenda
720 496 768 556 est
792 490 887 554 etiam
909 489 1061 554 memoria
1089 487 1270 554 ediscendis
1293 488 1339 553 ad

294 596 426 660 verbum
450 615 545 676 quam
568 594 711 677 plurimis
735 599 766 658 et
788 593 903 658 nostris
926 593 1052 676 scriptis
1075 597 1106 656 et
1121 592 1243 657 alienis.
1291 601 1339 657 at-

294 718 355 780 que
377 699 410 761 in
435 718 473 762 ea
495 698 722 762 exercitatione
737 718 800 761 non
817 717 895 760 sane
910 696 988 760 mihi
1003 695 1149 779 displicet
1168 694 1337 778 adhibere,

281 803 320 878 {si
348 803 517 882 consueris,
546 801 641 866 etiam
668 801 762 865 istam
789 800 927 886 locorum
955 800 1256 880 simulacrorumque
1288 819 1370 866 ras

293 905 421 986 tionem,
446 925 527 987 quae
555 906 587 994 in
619 910 687 968 arte
713 903 857 968 traditur.
904 902 1068 967 educenda
1095 900 1212 966 deinde
1236 902 1336 968 dictio

294 1015 341 1073 est
364 1030 405 1074 ex
427 1009 488 1073 hac
511 1009 684 1073 domestica
707 997 933 1072 exercitatione
957 1012 988 1072 et
1003 1005 1164 1070 umbratili
1192 1005 1335 1070 medium

292 1112 326 1176 in
348 1132 474 1195 agmen,
498 1112 531 1175 in
554 1112 727 1196 pulverem,
751 1111 784 1174 in
808 1110 986 1190 clamorem,
1010 1110 1043 1172 in
1059 1115 1164 1173 castra
1186 1115 1283 1190 atque
1300 1111 1335 1175 in

141 1263 145 1270 .
219 1205 221 1211 ’
252 1285 253 1288 ¹
292 1215 391 1280 aciem
423 1214 595 1298 forensem,
627 1212 811 1278 subeundus
842 1213 929 1277 visus
958 1212 1122 1278 hominum
1150 1218 1182 1275 et
1209 1213 1333 1296 pericli-

282 1318 409 1392 tandae
431 1320 514 1383 vires
537 1318 667 1400 ingenii,
691 1323 724 1380 et
745 1316 800 1380 illa
823 1316 1045 1380 commentatio
1072 1315 1195 1380 inclusa
1221 1316 1254 1379 in
1279 1338 1333 1382 ve·
1353 1337 1385 1384 10

225 1441 273 1488 158
291 1421 393 1486 ritatis
420 1422 521 1486 lucem
550 1419 741 1504 proferenda
763 1426 819 1484 111.
865 1419 993 1503 legendi
1016 1419 1111 1484 etiam
1134 1424 1259 1502 poetae,
1284 1440 1332 1485 co·

291 1523 494 1608 gnoscendae
520 1523 679 1604 historiae,
704 1523 844 1587 omnium
872 1524 1027 1587 bonarum
1049 1523 1163 1586 artium
1187 1521 1330 1588 doctores

291 1634 387 1708 atque
410 1627 578 1709 scriptores
600 1625 728 1710 legendi
752 1633 783 1692 et
806 1624 1028 1711 pervolutandi
1047 1632 1079 1690 et
1094 1617 1329 1691 exercitationis

292 1749 388 1794 eausa
409 1729 561 1794 laudandi
592 1730 822 1815 interpretandi
852 1728 1029 1812 corrigendi
1059 1729 1262 1812 vituperandi
1284 1749 1328 1792 re-

291 1833 439 1919 fellendi,
464 1833 756 1918 disputandumque
779 1833 819 1899 de
843 1833 928 1898 omni
951 1833 1041 1896 rein
1065 1833 1238 1896 contrarias
1262 1853 1383 1916 par-15

216 2001 217 2004 ,
291 1937 331 2002 111
355 1943 386 2002 11
409 1938 559 2020 quiequid
587 1939 645 2003 en't
667 1939 701 2003 in
724 1958 850 2019 quaque
873 1957 907 2001 re
931 1935 1014 2017 quod
1036 1936 1200 2019 probabile
1227 1935 1328 2001 videri

223 2058 272 2106 111
290 2041 388 2124 possit
418 2041 608 2106 eliciendum
640 2039 746 2128 [atque
778 2039 974 2126 dicendum];
1006 2038 1251 2123 perdiscendum
1280 2040 1328 2104 ius

291 2144 393 2223 civile,
418 2142 657 2226 cognoscendae
680 2143 777 2226 leges,
802 2143 1007 2226 percipienda
1027 2142 1129 2208 omnis
1143 2143 1325 2225 antiquitas,

291 2246 451 2314 senatoria
474 2245 678 2326 consuetudo,
702 2245 871 2329 disciplina
893 2247 939 2310 rei
961 2247 1116 2330 publicae,
1141 2247 1211 2311 iura
1233 2248 1327 2312 socio-

290 2370 369 2429 rum,
393 2348 533 2430 foedera,
556 2349 730 2432 paetioner,
754 2369 850 2413 causa
873 2350 998 2433 imperii
1022 2349 1242 2434 cognoscenda
1265 2357 1325 2434 est,
1346 2371 1384 2417 11

289 2450 445 2516 libandus·
461 2457 508 2516 est
532 2452 627 2515 etiam
643 2471 683 2515 ex
699 2452 784 2516 omni
799 2472 917 2535 genere
931 2454 1121 2518 urbanitatis
1141 2453 1326 2518 facetiarum

290 2553 418 2637 quidam
445 2556 542 2638 lepos,
580 2575 641 2636 quo
677 2560 839 2637 tamquam
870 2557 935 2621 sale
969 2563 1193 2641 perspargatur
1226 2558 1326 2622 omnis
1367 2595 1369 2600 ·

289 2659 397 2724 oratio.
444 2656 541 2722 effudi
557 2659 647 2723 vobis
663 2659 768 2723 omnia
785 2679 866 2740 quae
882 2659 1068 2740 sentiebam,
1086 2680 1167 2741 quae
1182 2659 1325 2740 fortasse,

290 2781 520 2843 quemeumque
543 2761 804 2845 patremfamilias
832 2762 1051 2846 adripuissetis
1079 2784 1120 2828 ex
1136 2763 1248 2845 aliquo
1272 2764 1327 2827 cir·

290 2866 369 2947 culo,
394 2864 507 2930 eadem
530 2865 622 2948 vobis
645 2867 903 2949 percontantibus
926 2863 1163 2950 respondisset?
1347 2885 1383 2932 as

392 2971 481 3035 Haec
505 2990 574 3035 cum
599 2971 732 3037 Crassus
755 2969 897 3052 dixisset,
922 2971 1081 3036 silentium
1105 2977 1153 3035 est
1180 2989 1327 3035 consecu-

289 3079 364 3137 tum.
392 3073 449 3138 sed
466 3094 658 3156 quamquam
674 3073 751 3139 satis
766 3073 806 3138 iis
822 3074 875 3155 qui
890 3073 1024 3138 aderant
1046 3073 1088 3138 ad
1111 3072 1143 3136 id
1159 3072 1244 3154 quod
1261 3081 1327 3138 erat

288 3177 484 3260 propositum
507 3177 625 3242 dictum
648 3177 825 3258 videbatur,
853 3183 961 3242 tamen
989 3179 1170 3243 sentiebant
1193 3179 1327 3244 celerius

289 3299 359 3345 esse
389 3282 487 3346 multo
519 3302 613 3363 quam
644 3281 706 3364 ipsi
737 3281 856 3346 vellent
886 3282 928 3346 ab
959 3301 996 3347 eo
1024 3288 1212 3366 peroratum.
1259 3288 1327 3346 tum

289 3385 442 3450 Scaevola
464 3378 551 3467 ‘quid
575 3393 631 3467 est,
658 3381 784 3450 Ootta‘l'
806 3385 909 3467 inquit
931 3377 1018 3466 ‘quid
1033 3383 1170 3450 tacetis?
1204 3385 1327 3452 nihilne
1347 3399 1381 3446 11

181 3559 187 3572 ,
289 3488 379 3553 vobis
402 3489 435 3552 in
459 3495 597 3553 mentem
619 3490 708 3554 venit
731 3488 815 3570 quod
838 3493 1003 3573 praeterea
1025 3490 1066 3553 ab
1088 3488 1205 3553 ¹Crasso
1224 3491 1327 3571 requi-

219 3611 267 3658 111
287 3585 399 3654 ratis?
432 3583 476 3653 ‘id
514 3589 704 3658 mehercule'
737 3593 840 3674 inquit
874 3585 987 3674 ‘ipsum
1021 3590 1159 3655 attendo.
1217 3598 1327 3658 tantus

249 3727 250 3730 =
289 3692 373 3755 enim
397 3711 505 3758 cursus
528 3697 695 3761 verborum
718 3696 777 3760 fuit
800 3701 832 3760 et
855 3695 900 3759 sic
924 3695 1062 3759 evolavit
1084 3695 1192 3774 oratio,
1205 3700 1241 3759 ut
1257 3697 1326 3761 eius

289 3794 354 3858 vim
378 3801 409 3857 11
424 3795 638 3864 incitationem
654 3799 844 3884 aspexerim,
862 3796 998 3878 vestigia
1012 3797 1252 3880 ingressumque
1268 3799 1327 3863 vix

229 2944 265 2998 35

193 3029 197 3034 ·
222 3018 271 3065 160
