2834 4110
276 169 337 234 128
523 187 635 242 LIBER
653 188 689 241 11.
721 187 804 241 CAP.
818 191 859 243 54.
891 191 905 251 ἓ
924 190 1070 244 aro-220.

274 380 336 442 quo
358 361 461 443 magis
483 360 560 426 mihi
584 360 680 426 etiam
703 368 758 425 aut
780 361 870 426 tostis
893 380 963 426 esse
985 367 1075 444 potes
1099 362 1221 426 nullam
1245 381 1319 428 esse

273 470 373 529 artem
397 464 472 528 salis
494 471 558 544 aut,
583 465 609 529 si
632 469 774 546 quaest,
799 485 870 529 earn
893 471 926 528 tu
949 465 1148 548 potissimum
1178 485 1236 531 nos
1263 466 1320 530 do-

205 581 255 628 111
274 564 366 632 cere'
389 560 459 650 ‘ego
481 563 567 632 vero'
597 567 700 650 inquit
730 560 825 632 ‘omni
857 567 896 632 de
924 586 959 631 re
988 567 1112 633 facilius
1143 575 1221 652 puto
1245 588 1320 634 esse

273 671 314 735 ab
338 669 464 735 homine
488 690 551 734 non
574 670 730 735 inurbane
746 690 842 752 quam
857 669 897 734 de
912 670 991 754 ipsis
1007 669 1131 736 facetiis
1147 670 1318 756 disputari.

273 774 389 854 itaque·
403 795 474 839 cum
498 773 650 856 quosdam
682 773 820 839 Graecos
850 774 1018 857 inscriptos
1048 775 1145 840 libros
1177 796 1249 840 esse
1270 776 1361 840 vis

273 877 390 941 dissem
413 870 464 942 ‘de
486 871 647 957 ridiculis',
671 897 735 942 non
758 878 876 942 nullam
899 877 932 940 in
948 897 1037 961 spem
1053 897 1206 942 veneram
1222 898 1321 962 posse

273 1001 324 1044 me
358 1001 400 1045 ex
434 980 473 1044 iis
503 980 623 1061 aliquid
652 980 784 1046 discere.
830 981 939 1045 inveni
973 987 1081 1044 autem
1113 981 1249 1046 ridicula
1283 988 1320 1046 et

274 1084 358 1149 salsa
379 1084 477 1148 multa
500 1085 690 1150 Graecorum
721 1124 759 1130 —
786 1105 860 1148 nam
891 1091 923 1150 et
946 1085 1042 1150 Siculi
1073 1085 1107 1148 in
1130 1105 1168 1151 eo
1196 1105 1322 1169 genere

274 1193 305 1251 et
326 1186 443 1251 Rhodii
466 1194 497 1252 et
518 1187 666 1270 Byzantii
689 1193 721 1252 et
743 1194 868 1272 praeter
891 1193 1011 1252 ceteros
1032 1187 1128 1252 Attici
1153 1189 1321 1253 excellunt

273 1329 325 1370 —,
349 1290 406 1354 scd
428 1291 483 1371 qui
505 1291 572 1355 eius
594 1291 640 1356 rei
663 1291 817 1356 rationem
844 1290 1005 1373 quandam
1028 1292 1133 1356 conati
1164 1299 1238 1356 sunt
1267 1313 1321 1357 ar·
1344 1307 1381 1352 ro

273 1399 399 1475 temque
423 1393 546 1458 tradere
563 1394 608 1458 sic
623 1395 734 1458 insulsi
751 1395 933 1475 extiterunt,
957 1402 992 1459 ut
1007 1395 1086 1460 nihil
1101 1395 1188 1459 aliud
1205 1415 1320 1460 eorum

204 1508 254 1555 ars
273 1496 334 1560 nisi
356 1496 610 1579 ipsainsnlsitas
633 1496 781 1562 rideatur.
830 1519 892 1580 qua
914 1518 949 1563 rc
972 1498 1050 1563 mihi
1073 1497 1203 1580 quidem
1225 1499 1320 1563 nullo

273 1598 364 1664 modo
387 1600 512 1664 videtur
535 1599 678 1664 doctrina
700 1602 762 1665 ista
784 1621 834 1666 res
850 1621 943 1685 posse
959 1600 1050 1665 tradi.
1098 1602 1216 1666 etenim
1241 1621 1319 1667 cum

273 1703 334 1768 duo
356 1724 475 1787 genera
498 1703 561 1768 sint
583 1703 780 1784 facetiarum,
803 1704 937 1768 alterum
953 1703 1161 1788 aequabiliter
1176 1705 1209 1768 iu
1226 1705 1319 1770 omni

272 1828 416 1873 sermone
439 1807 554 1887 fusum,
577 1807 711 1871 alterum
734 1813 919 1890 peracutum
944 1814 975 1871 et
997 1808 1105 1888 breve,
1136 1807 1192 1871 illa
1218 1828 1239 1872 a
1261 1821 1375 1874 ure-15

272 1911 391 1977 teribus
414 1911 556 1994 superior
579 1910 745 1991 cavillatio,
769 1910 849 1975 haec
864 1911 964 1975 altera
980 1909 1133 1976 dicacitas
1148 1911 1319 1976 nominata

272 2021 328 2080 est.
374 2016 445 2079 leve
468 2034 585 2078 nornen
608 2013 705 2078 habet
727 2020 860 2095 utraque
883 2015 949 2078 res!
975 2014 1107 2098 quippe;
1130 2014 1202 2079 leve
1225 2016 1318 2079 enim

203 2130 252 2176 119
272 2125 320 2183 est
342 2125 442 2182 totum
470 2117 530 2182 hoc
560 2118 656 2182 risum
686 2137 822 2182 movere.
868 2137 979 2181 verum
1009 2123 1126 2198 tamen,
1156 2123 1191 2182 ut
1222 2117 1317 2198 diois,

271 2221 399 2299 Antoni,
423 2220 555 2284 muitum
578 2221 611 2284 in
634 2221 737 2284 causis
760 2240 913 2304 persaepe
927 2221 1035 2303 lepore
1051 2225 1082 2285 ct
1097 2220 1221 2285 facetiis
1244 2241 1317 2304 pro-

271 2323 321 2387 fici
338 2323 424 2388 .vidi.
479 2323 535 2387 sed
559 2343 630 2387 cum
652 2324 685 2386 in
709 2323 762 2388 illo
785 2343 903 2408 genere
926 2330 1099 2407 perpetuae
1127 2323 1317 2389 festivitatis
1335 2337 1371 2383 20

270 2446 321 2490 ars
343 2448 408 2492 non
438 2426 697 2491 desideretur-
729 2433 841 2490 natura
872 2427 956 2490 enim
986 2425 1078 2519 fingit
1108 2426 1252 2492 homines
1283 2434 1317 2492 et

271 2535 357 2594 creat
379 2530 552 2594 imitatores
575 2534 607 2592 et
630 2537 807 2595 narratores
829 2529 949 2594 facetos
972 2529 1145 2595 adiuvante
1167 2535 1199 2594 et
1221 2530 1315 2594 voltu
1385 2570 1388 2576 ,

271 2640 302 2698 ct
324 2653 402 2697 voce
425 2639 455 2696 et
485 2632 554 2716 ipso
584 2651 702 2714 genere
734 2633 887 2698 sermonis
916 2670 960 2678 —
991 2639 1057 2697 tum
1087 2653 1162 2698 vcro
1193 2633 1227 2696 in
1250 2632 1315 2698 hoc

188 2759 190 2762 ⁴
269 2737 368 2802 altero
392 2735 568 2799 dicacitatis
591 2735 667 2818 quid
689 2735 786 2800 habet
808 2756 860 2800 ars
882 2736 952 2816 loci,
976 2756 1047 2800 cum
1070 2742 1145 2800 ante
1165 2734 1242 2800 illud
1266 2736 1314 2800 fa-

271 2847 339 2904 cete
363 2839 481 2903 dictum
506 2837 654 2904 emissum
678 2838 809 2903 haerere
833 2837 949 2904 debeat
975 2859 1070 2921 qnam
1098 2839 1230 2922 eogitari
1258 2859 1313 2924 po·
1332 2851 1366 2900 aa

201 2955 251 3002 220
270 2944 367 3008 tuisse
398 2941 565 3006 videatur?
601 2941 678 3024 quid
709 2943 793 3007 enim
827 2942 878 3006 hic
913 2961 1002 3006 meus
1036 2943 1132 3008 frater
1164 2943 1206 3006 ab
1241 2950 1312 3007 arte

269 3046 413 3111 adiuvari
436 3045 547 3129 potuit,
572 3065 643 3111 cum
665 3066 686 3110 a
701 3045 847 3129 Philippo
863 3047 1074 3128 intemogatus
1089 3045 1165 3127 quid
1180 3045 1312 3110 latraret

270 3143 383 3214 ‘furem
417 3169 452 3214 se
486 3144 605 3213 videre'
638 3148 823 3232 respondit?
862 3147 938 3231 quid
971 3149 1005 3211 in
1042 3149 1128 3212 omni
1166 3148 1310 3212 oratione
1398 3145 1399 3152 '

269 3254 402 3319 Crassus
436 3253 487 3317 vel
521 3251 607 3336 apud
641 3253 853 3316 centumviros
891 3258 1000 3316 contra
1033 3250 1219 3316 Scaevolam
1256 3250 1309 3314 vel
1398 3301 1399 3304 ,

269 3364 378 3422 eontra
393 3363 609 3421 accusatorem
624 3356 765 3436 Brutum,
790 3375 862 3419 cum
878 3374 934 3439 pro
951 3354 1007 3419 On.
1025 3355 1142 3418 Planco
1163 3352 1307 3418 diceret?
1327 3364 1361 3412 ao

269 3480 342 3524 narn
365 3458 398 3524 id
421 3458 506 3541 quod
529 3465 563 3522 tu
586 3457 664 3522 mihi
687 3458 807 3538 tribuis,
824 3457 952 3536 Antoni,
970 3457 1083 3522 Crasso
1104 3462 1152 3520 est
1166 3457 1307 3521 omnium

269 3564 427 3628 sententia
450 3560 696 3629 concedendum.
741 3581 804 3625 non
828 3561 911 3624 enim
935 3560 1001 3626 fere
1025 3561 1191 3643 quisquam
1220 3578 1307 3645 repe-

269 3667 365 3731 rietur
387 3673 513 3750 praeter
536 3665 620 3729 huno
643 3665 675 3728 in
700 3670 831 3746 utroque
853 3683 971 3747 genere
993 3663 1108 3747 leporis
1132 3663 1305 3728 excellens:

269 3775 300 3832 et
322 3769 375 3833 illo
404 3768 488 3849 quod
517 3769 551 3832 in
581 3767 791 3852 perpetuitate
823 3766 975 3838 sermonis
1006 3773 1037 3830 et
1067 3766 1126 3830 hoc
1156 3765 1240 3848 quod
1273 3765 1309 3828 in
