2834 4110
310 207 424 261 uraca
442 207 478 262 11.
509 207 591 261 cnr.
605 211 716 263 19-20.
746 209 891 270 ers-ar.
1079 190 1119 253 91

80 384 161 448 niam
190 384 287 448 aliter
319 382 360 446 ab
391 381 462 446 aliis
476 381 671 466 digeruntur
692 419 745 462 -,
776 380 810 444 in
833 399 913 463 quas
937 387 984 470 est
1007 381 1047 444 ab
1070 379 1121 444 his

80 487 177 552 omnis
208 486 314 552 oratio
345 484 520 550 distributa.
575 485 687 550 iubent
717 483 803 549 enim
833 482 972 549 exordiri
1001 483 1055 564 ita,
1070 547 1073 552 ,
1086 488 1122 547 ut
1140 499 1173 547 80

80 610 147 654 eum
170 590 226 673 qui
243 588 358 656 audiat
380 588 567 654 benevolum
590 587 682 653 nobis
704 587 858 652 iaciamus
881 593 914 652 et
933 586 1067 652 docilem
1090 593 1122 650 et

78 700 249 778 attentum,
274 691 394 757 deinde
415 713 481 757 rem
504 711 632 757 narrare
648 698 679 756 et
701 692 755 772 ita,
779 691 897 756 otveri
920 690 1031 756 similis
1054 710 1122 756 nar

49 799 155 871 statio
177 799 229 880 sit,
253 801 433 880 ut,aperta
457 803 491 860 ut
512 796 635 880 brevis;
661 802 733 879 post
756 801 862 860 autem
886 794 1029 860 dividere
1053 801 1120 859 eau'·

78 921 144 968 sam
173 909 230 968 aut
262 920 449 985 proponere,
484 906 593 966 nostra
630 899 815 965 confirmare
853 898 1048 983 argumentis
1083 917 1122 962 ac

78 1007 264 1086 rationibus,
301 1002 418 1070 deinde
452 1004 607 1069 contraria
638 1003 791 1087 refutare,
827 1008 894 1068 turn
927 1008 1034 1068 autem
1068 1001 1122 1067 alii

79 1111 317 1177 conclusionem
341 1109 490 1175 orationis
513 1115 545 1175 et
568 1108 659 1190 quasi
690 1107 921 1191 perorationem
945 1107 1121 1188 conlocant,

79 1215 129 1279 aiii
160 1215 285 1294 iubent,
316 1218 488 1295 antequam
518 1219 690 1297 peroratur,
725 1211 860 1276 ornandi
893 1218 950 1277 aut
982 1210 1123 1297 augendi

37 1338 63 1384 ro
80 1339 174 1384 causa
197 1316 343 1402 degredi,
374 1315 490 1382 deinde
513 1315 700 1381 concludere
722 1336 761 1380 ac
785 1335 940 1400 perorare.
979 1336 1020 1380 ne
1044 1316 1123 1380 haec
1141 1329 1173 1378 81

81 1422 206 1504 quidem
230 1419 445 1505 reprehendo;
477 1427 550 1486 sunt
574 1421 658 1484 enim
682 1420 836 1485 concinne
859 1419 1037 1502 distributa,
1066 1419 1123 1485 sed

81 1529 206 1607 tamen,
222 1524 258 1589 id
283 1523 367 1605 quod
393 1544 524 1590 necesse
546 1523 607 1589 fuit
633 1523 814 1589 hominibus
838 1524 1022 1608 expertibus
1045 1523 1123 1589 veri·

81 1631 163 1711 tatis,
187 1649 255 1694 non
276 1627 387 1712 perite.
434 1647 515 1709 quae
539 1627 623 1692 enim
650 1633 821 1712 praecepta
843 1627 1069 1711 principiorum
1091 1633 1123 1691 et

81 1733 299 1799 narrationum
322 1749 393 1796 esse
415 1731 591 1811 voluerunt,
615 1750 653 1794 ea
674 1730 710 1794 in
733 1732 807 1795 totis
830 1729 1025 1796 orationibus
1048 1735 1122 1794 sunt

41 1853 66 1900 15
83 1834 312 1912 conservanda.
343 1855 417 1899 nam
441 1855 500 1918 ego
523 1834 601 1899 mihi
624 1835 814 1900 benevolum
837 1833 975 1899 iudicem
997 1832 1122 1897 facilius
1141 1845 1173 1893 aa

81 1939 185 2005 facere
208 1959 351 2025 possum,
382 1959 453 2004 eum
475 1959 545 2004 sum
568 1939 601 2003 in
625 1958 717 2004 cursu
743 1939 903 2017 orationis,
934 1957 1028 2018 quam
1051 1955 1122 2000 cum

82 2045 186 2109 omnia
210 2050 285 2109 sunt
308 2041 464 2128 inaudita;
496 2042 630 2108 docilem
653 2049 768 2124 autem,
793 2064 857 2108 non
881 2061 952 2106 cum
974 2039 1123 2125 polliceor

31 2215 34 2226 ἱ
82 2169 132 2212 me
162 2147 463 2228 demonstraturum,
498 2145 644 2212 sedtum
675 2167 746 2212 curn
777 2145 874 2211 doceo
906 2150 938 2208 et
968 2143 1121 2228 explano;

81 2259 238 2317 attentum
261 2270 338 2315 vero
366 2252 474 2316 crebro
504 2257 570 2316 tota
599 2251 723 2315 actione
755 2248 933 2315 excitandis
963 2246 1123 2313 mentibus

39 2369 66 2418 no
81 2355 230 2436 indicum,
270 2373 335 2418 non
372 2355 474 2438 prima
510 2353 749 2419 denuntiatione
784 2353 910 2418 efficere
944 2370 1121 2437 possumus.

81 2458 144 2524 iarn
166 2479 244 2523 vero
267 2457 481 2522 narrationem
504 2458 587 2540 quod
617 2457 727 2521 iubent
750 2456 818 2522 veri
841 2456 976 2522 similem
1000 2476 1069 2521 esse
1093 2459 1175 2519 et'aa

81 2569 225 2647 apertam
256 2567 289 2626 et
321 2561 461 2641 brevem,
496 2568 581 2626 recte
613 2580 671 2625 nos
704 2560 891 2644 admonent;
927 2559 1012 2643 quod
1046 2558 1124 2623 haec

81 2665 272 2730 narrationis
302 2664 405 2748 magis
435 2670 548 2748 putant
571 2683 641 2729 esse
671 2663 798 2748 propria
821 2683 916 2744 quam
940 2663 1035 2729 totius
1058 2682 1124 2726 ora·

82 2769 187 2850 tionis,
212 2766 308 2833 valde
338 2766 416 2831 mihi
438 2766 588 2832 videntur
619 2787 731 2832 errare.
778 2766 970 2849 omninoque
1000 2767 1034 2830 in
1064 2763 1124 2828 hoc

39 2886 65 2934 aa
82 2873 185 2938 omnis
202 2878 252 2937 est
268 2891 360 2952 error,
378 2870 463 2952 quod
478 2871 662 2937 existimant
678 2870 846 2936 artificium
862 2889 932 2936 esse
952 2870 1012 2935 hoc
1028 2866 1124 2952 quod-

83 2975 156 3040 dam
179 2996 245 3042 non
276 2973 429 3040 dissimile
452 2980 636 3055 ceterorum,
669 2975 757 3038 cuius
786 2972 872 3037 modi
895 2973 936 3039 de
965 2974 1034 3057 ipso
1056 2972 1124 3036 iure

83 3079 168 3144 civili
199 3078 349 3145 hesterno
379 3078 432 3143 die
455 3079 588 3144 Crassus
619 3077 764 3161 componi
794 3097 888 3161 posse
918 3076 1060 3166 dicebat:¹
1089 3079 1124 3139 ut

83 3203 202 3267 genera
225 3203 330 3248 rerum
352 3183 489 3266 primum
512 3188 758 3266 exponerentur,
789 3181 823 3245 in
847 3201 908 3262 quo
931 3181 1043 3246 vitium
1066 3185 1124 3260 est,

84 3287 112 3352 si
133 3306 235 3371 genus
251 3287 349 3351 ullum
371 3286 644 3370 praetermittitur;
669 3284 785 3350 deinde
801 3285 995 3368 singulorum
1018 3289 1124 3366 partes
1157 3286 1160 3292 '

40 3402 67 3452 ao
84 3410 246 3474 generum,
277 3390 310 3454 in
334 3409 395 3471 quo
419 3395 451 3454 et
473 3388 585 3454 deesse
608 3389 747 3470 aliquam
774 3394 898 3472 partem
921 3393 953 3452 et
975 3404 1124 3468 superare

85 3493 271 3559 mendosum
303 3499 364 3577 est;
392 3499 459 3557 tum
490 3493 657 3558 verborum
680 3491 820 3556 omnium
851 3488 1060 3567 definitiones,
1091 3487 1124 3551 in

87 3598 199 3679 quibus
221 3617 326 3680 neque
353 3597 466 3662 abesse
488 3596 658 3678 quicquam
680 3594 773 3659 decet
801 3612 906 3680 neque
935 3589 1123 3683 redundare.

87 3701 142 3766 sed
163 3701 224 3766 hoc
247 3700 275 3765 si
297 3700 331 3762 in
354 3699 421 3764 iure
446 3699 540 3779 civili,
572 3699 599 3763 si
623 3699 718 3763 etiam
740 3697 774 3759 in
802 3695 909 3778 parvis
931 3699 986 3757 aut
973 3669 1181 3789 medio-{f

88 3804 189 3869 eribus
210 3804 307 3869 rebus
330 3801 486 3867 doctiores
509 3799 641 3882 adsequi
663 3802 805 3883 possunt,
828 3815 892 3859 non
914 3793 999 3858 idem
1022 3742 1176 3860 sentio84
