2866 4110
344 219 455 274 uranu
473 221 494 274 1.
525 219 608 273 cnr.
622 223 734 276 45-46.
764 224 943 284 aros-201.
1111 205 1153 268 49

107 395 331 478 amplissimus
348 394 481 475 quisque
509 399 541 458 et
563 393 753 458 clarissimus
775 394 840 478 vir;
864 400 899 458 ut
921 394 973 458 ille
989 394 1042 475 qui
1065 413 1154 476 prop-

109 505 157 562 ter
189 498 277 562 hanc
310 496 389 561 iuris
416 497 517 561 civilis
540 497 705 562 scientiam
728 498 774 563 sic
789 497 967 582 appellatus
989 517 1009 560 a
1031 516 1153 560 summo

111 608 207 686 poeta
230 607 296 667 est:

201 705 335 788 egregie
358 702 504 768 cordatus
527 703 632 783 homo,
656 711 745 770 catus
768 705 878 769 Aelius
902 705 1029 796 Sextus,

74 835 91 881 5
111 809 267 890 multique
291 812 467 890 praeterea,
492 807 555 888 qui,
580 827 651 871 cum
673 807 802 890 ingenio
827 808 887 872 sibi
903 815 1030 873 auctore
1052 807 1153 891 digni-

112 919 211 977 tatem
245 910 457 995 peperissent,
481 901 680 993 perfecerunt
713 917 748 974 ut
777 911 810 975 in
837 911 1058 995 respondendo
1085 911 1153 975 iure

113 1015 303 1080 auctoritate
328 1013 399 1097 plus
422 1013 518 1077 etiam
541 1032 635 1094 quarn
659 1013 727 1096 ipso
755 1014 884 1097 ingenio
911 1015 1062 1080 valerent.
1109 1035 1153 1079 se·
1173 1029 1223 1101 rso

113 1119 233 1184 neotnti
257 1138 337 1183 vero
361 1110 568 1181 celebrandae
592 1124 623 1181 et
645 1116 808 1182 ornandae
823 1118 908 1199 quod
923 1119 1087 1184 honestius
1101 1139 1153 1203 po-

114 1231 177 1290 test
198 1244 271 1290 csse
295 1221 475 1307 perfugium
499 1241 594 1304 quam
616 1223 693 1287 iuris
720 1223 962 1305 interpretatio?
1007 1221 1154 1305 equidem

58 1351 95 1401 10
113 1327 191 1391 mibi
213 1327 276 1392 hoo
301 1325 478 1391 subsidium
493 1327 557 1389 iam
580 1325 654 1390 inde
669 1326 710 1390 ab
726 1325 945 1392 adulescentia
961 1327 1152 1408 comparavi,

2 1438 7 1454 '
113 1451 178 1495 non
200 1431 304 1495 solum
328 1427 371 1492 ad
402 1449 566 1494 causarum
593 1449 685 1494 usum
714 1428 884 1511 forensem,
914 1429 1089 1496 sedetiam
1112 1427 1154 1492 ad

113 1533 211 1598 decus
233 1539 333 1613 atque
357 1539 575 1597 ornamentum
605 1535 786 1612 senectutis,
813 1541 857 1614 ut,
882 1555 953 1599 oum
981 1554 1031 1597 mo
1058 1533 1152 1612 vires,

114 1637 198 1720 quod
222 1636 292 1701 fere
316 1635 380 1698 iam
402 1641 526 1719 tempus
542 1634 703 1717 adventat,
727 1635 863 1702 deficere
881 1637 1068 1720 coepissent,
1092 1637 1154 1700 ista

112 1742 155 1806 ab
178 1737 352 1805 solitudine
375 1737 501 1803 domum
523 1759 627 1803 meam
649 1739 854 1804 vindicarem.
900 1739 976 1821 quid
999 1746 1047 1802 est
1070 1738 1154 1803 enim

62 1867 94 1912 15
112 1843 311 1928 praeclarius
339 1861 434 1923 quam
463 1842 636 1909 honoribus
666 1850 697 1908 ct
719 1845 765 1910 rei
795 1843 942 1926 publicae
970 1841 1154 1906 muneribus

113 1950 320 2033 perfunctum
344 1965 451 2011 senem
474 1966 567 2030 posse
590 1967 646 2013 suo
662 1947 728 2011 iure
745 1947 852 2010 dicere
868 1945 953 2010 idem
969 1943 1053 2025 quod
1068 1942 1154 2027 apud
1234 1931 1236 1936 ’

113 2053 256 2116 Ennium
286 2049 373 2114 dicat
398 2049 451 2114 ille
478 2050 613 2131 Pythius
640 2051 768 2132 Apollo:
798 2069 832 2113 sc
860 2069 930 2114 esse
960 2067 1032 2110 eum
1059 2040 1155 2110 ‘unde

116 2152 197 2235 sibi’,
222 2154 250 2218 si
273 2173 340 2218 non
362 2144 480 2236 ‘populi
508 2159 539 2217 et
561 2149 674 2236 reges,
698 2159 731 2216 at
754 2172 864 2217 omnes
888 2151 936 2217 sui
965 2150 1051 2215 cives
1073 2144 1154 2214 ‘con-

118 2258 222 2322 silium
247 2251 422 2339 expetant',
1129 2337 1136 2352 .

65 2378 98 2426 no
222 2363 416 2425 summarum
437 2379 542 2446 rerum
564 2359 690 2423 incerti:
716 2379 794 2441 quos
818 2381 877 2444 ego
900 2366 960 2444 ope
983 2381 1055 2425 mea

223 2483 264 2528 ex
288 2463 416 2526 incertis
439 2469 540 2528 certos
564 2467 788 2545 compotesque
811 2464 921 2528 consili

222 2559 357 2645 dimitto,
380 2572 414 2628 ut
436 2586 477 2630 ne
500 2585 550 2630 res
573 2567 693 2628 temere
715 2572 851 2630 tractent
873 2564 1024 2632 turbidas.

120 2676 167 2734 cst
189 2669 274 2732 enim
297 2668 366 2732 sine
389 2667 484 2732 dubio
508 2667 619 2733 domus
641 2667 718 2732 iuris
734 2670 868 2734 consulti
883 2671 980 2736 totius
995 2669 1155 2735 oraculum
1174 2683 1225 2731 200

120 2772 265 2836 civitatis.
291 2771 390 2836 ,testis
406 2778 453 2836 cst
475 2771 606 2836 huiusce
630 2768 668 2844 Q.
685 2770 781 2840 Mucii
796 2773 892 2837 ianua
908 2779 938 2836 ct
954 2772 1154 2849 vestibulum,

3 2957 4 2968 ἵ
71 2889 102 2936 as
121 2874 202 2955 quod
213 2875 247 2938 in
259 2875 327 2939 eius
342 2874 554 2939 infirmissima
565 2872 749 2938 valetudine
764 2873 955 2956 adfectaque
970 2876 1035 2941 iam
1051 2880 1155 2940 aelate

121 2978 259 3042 maxima
283 2976 397 3041 cotidie
420 2976 598 3059 frequentia
627 2975 743 3041 civium
770 2997 808 3042 ac
836 2997 1028 3044 summorum
1058 2975 1155 3041 homi·
1225 3055 1228 3060 .

122 3099 194 3144 num
217 3079 384 3165 splendore
408 3081 592 3146 celebratur.
1025 3099 1027 3104 ’
1231 3087 1232 3090 ’

205 3185 273 3247 Iam
300 3183 355 3269 illa
383 3204 446 3248 non
476 3184 604 3267 longam
635 3184 809 3248 orationem
837 3181 1029 3263 desiderant,
1061 3199 1155 3261 quarn

125 3288 246 3352 obrem
270 3287 448 3351 existimem
471 3286 599 3370 publica
622 3305 747 3367 quoquc
769 3286 848 3368 iura,
876 3305 959 3367 quae
986 3290 1060 3351 sunt
1088 3302 1156 3365 pro-

5 3391 7 3426 '
76 3397 109 3445 ³0
125 3391 188 3471 pria
210 3389 348 3454 civitatis
370 3396 465 3470 atque
487 3389 624 3472 imperii,
647 3395 714 3452 tum
742 3395 946 3454 monumenta
973 3405 1077 3452 rerum
1104 3404 1155 3467 ge-

126 3497 238 3557 starum
261 3499 293 3557 ct
314 3493 481 3557 vetustatis
512 3491 663 3571 exempla
690 3493 804 3556 oratori
833 3497 909 3554 nota
935 3507 1006 3554 esse
1029 3484 1154 3550 debere.

124 3614 193 3658 nam
215 3602 250 3659 ut
279 3596 313 3658 in
343 3614 447 3658 rerum
473 3595 671 3678 privatarum
700 3595 803 3659 causis
832 3599 926 3673 atquc
956 3587 1081 3654 iudiciis
1106 3588 1156 3653 dc-

125 3697 292 3778 promenda
316 3716 411 3779 saepe
434 3698 533 3761 oratio
562 3703 610 3760 est
639 3716 679 3758 ex
710 3695 777 3758 iure
800 3693 884 3758 civili
912 3692 1095 3767 etidcirco,
1123 3697 1157 3752 ut
1199 3686 1201 3691 ’

125 3806 193 3864 ante
216 3800 364 3878 diximus
388 3799 502 3862 oratori
526 3797 603 3861 iuris
627 3796 728 3859 civilis
744 3793 877 3858 scientia
893 3789 1074 3856 neccssaria
1098 3797 1155 3868 est,

1179 3158 1217 3211 46

1175 3232 1224 3278 201

172 3909 278 3950 Ciceronis
292 3909 317 3948 dc
332 3911 414 3948 oratore
428 3907 486 3946 libri.
983 3897 1000 3941 4
