2834 4110
281 261 395 316 crans
414 261 450 315 11.
481 261 689 318 curse-54.
719 261 898 324 sara-arc.
1044 242 1104 303 127

59 433 161 515 ditur,
183 435 325 500 remissio
348 441 457 501 autem
478 419 617 500 lenitatis
641 432 778 516 quadam
801 433 959 516 gravitate
982 438 1013 497 et
1037 450 1106 495 con-

84 539 206 602 tentione
228 537 379 602 firmatur.
426 538 460 602 in
483 545 614 620 utroque
638 543 744 602 autem
768 556 886 619 genere
913 534 1050 615 dicendi,
1075 541 1107 599 et
1125 547 1175 593 213

85 640 127 704 illo
153 641 183 706 iu
210 661 272 723 quo
300 641 350 706 vis
373 647 470 724 atque
494 641 652 707 contentio
680 640 844 721 quaeritur
870 645 903 704 θῖ
935 639 995 703 hoc
1023 636 1106 720 quod

85 743 117 806 ad
145 745 239 809 vitam
270 751 302 810 et
329 763 434 808 mores
460 743 729 823 adcommodatur,
765 749 796 806 θῖ
828 742 984 826 principia
1017 741 1108 806 tarda

58 844 164 936 bisunt]
197 855 228 914 et
255 848 362 914 exitus
392 853 499 912 tamen
530 847 624 930 spissi
655 852 687 912 et
708 845 854 930 producti
881 867 951 912 esse
979 845 1105 912 debent.

84 971 145 1015 nam
166 973 268 1035 neque
295 949 509 1016 adsiliendum
540 951 646 1015 statim
677 949 787 1014 estad
811 969 913 1034 genus
940 950 1017 1016 illud
1044 969 1108 1016 ora·

83 1054 163 1121 tionis
184 1094 225 1102 -
248 1057 341 1120 abest
369 1053 455 1119 enim
484 1059 585 1120 totum
612 1074 633 1119 a
656 1072 761 1136 causa,
790 1060 822 1118 et
851 1053 996 1120 homines
1023 1055 1109 1138 prius
1185 1141 1187 1146 ι

83 1157 147 1222 illud
168 1160 272 1244 ipsum
297 1157 382 1240 quod
404 1157 564 1243 proprium
588 1158 637 1222 sui
660 1156 769 1221 iudicii
793 1163 841 1221 est
857 1158 966 1224 audire
988 1157 1108 1223 deside-

19 1311 20 1314 ,
84 1268 142 1326 rant
162 1300 202 1310 -
224 1283 286 1350 nec
313 1282 386 1326 cum
413 1261 446 1325 in
474 1281 544 1325 cam
572 1261 727 1325 rationem
755 1260 915 1344 ingressus
944 1263 997 1343 sis,
1032 1262 1125 1326 cele

48 1375 70 1421 10
83 1365 146 1430 riter
172 1365 403 1432 discedendum
440 1370 497 1429 est.
544 1385 608 1429 non
636 1363 731 1444 enim,
768 1363 849 1429 sicut
876 1372 1108 1448 argumentum,
1128 1385 1179 1434 214

84 1468 162 1533 simul
182 1476 279 1553 atque
302 1469 440 1552 positum
464 1474 521 1548 est,
545 1467 700 1550 adripitur
722 1467 919 1549 alterumque
936 1476 967 1534 et
983 1471 1109 1534 tertium

19 1601 20 1610 ε
84 1573 214 1654 poscitur,
231 1574 308 1638 item
324 1571 574 1637 misericordiam
589 1576 645 1635 aut
660 1568 814 1635 invidiam
831 1576 886 1634 aut
901 1571 1109 1650 iracundiam,

84 1675 161 1740 simul
185 1683 283 1758 atque
311 1675 466 1756 intuleris,
495 1675 597 1758 possis
629 1693 835 1738 commovere.
889 1683 1111 1758 argumentum

83 1778 149 1844 ratio
170 1782 239 1865 ipsa
261 1778 439 1859 confirmat,
463 1799 555 1861 quae,
579 1779 673 1843 simul
695 1784 791 1861 atque
812 1777 961 1842 emissum
984 1785 1042 1859 cst,
1058 1777 1111 1841 ad-

48 1889 70 1935 15
86 1879 247 1967 haerescit3
281 1881 361 1947 illud
382 1887 488 1946 autem
510 1901 612 1966 genus
635 1882 785 1948 orationis
808 1903 871 1946 non
899 1881 1111 1963 cognitionem

83 1983 190 2068 iudicis,
217 1986 277 2053 scd
305 1986 410 2068 magis
440 1986 711 2070 perturbationem
745 1986 885 2069 requirit,
922 2005 1017 2066 quam
1041 2003 1111 2047 oon-

83 2089 160 2170 scqui
182 2091 242 2156 nisi
265 2089 367 2154 multa
392 2095 423 2152 et
454 2089 544 2153 varia
569 2095 602 2154 θῖ
630 2087 759 2172 copiosa
786 2089 927 2154 oratione
955 2094 987 2152 θῖ
1017 2085 1111 2153 simili

84 2195 269 2258 contentione
292 2192 428 2258 actionis
452 2213 545 2258 nemo
573 2199 685 2277 potest.
734 2212 797 2274 qua
823 2213 858 2257 re
885 2191 939 2274 qui
966 2199 1021 2256 aut
1043 2191 1111 2254 bre·
1130 2209 1196 2258 215·

82 2293 152 2359 viter
172 2303 226 2361 aut
247 2295 417 2361 summisse
433 2295 552 2373 ¹dicunt
575 2296 688 2362 docere
712 2295 849 2360 iudicem
865 2303 1006 2380 possunt,
1031 2313 1111 2359 com·

47 2403 70 2450 20
83 2415 196 2464 movere
211 2420 275 2464 non
291 2405 445 2483 possunt;
469 2400 503 2462 in
520 2420 581 2482 quo
604 2407 679 2465 sunt
700 2400 817 2463 omnia.
863 2401 927 2464 iam
941 2399 1019 2464 illud
1041 2418 1109 2482 per·

19 2489 20 2494 ’
84 2498 213 2580 spicuum
229 2509 278 2568 θεῖ
298 2502 439 2578 omnium
455 2521 560 2566 rerum
575 2503 608 2567 in
625 2502 799 2568 contrarias
814 2503 913 2586 partis
929 2503 1112 2568 facultatem

85 2619 118 2664 ex
137 2605 236 2670 isdem
259 2605 455 2689 suppeditari
478 2606 564 2681 locis.
611 2607 669 2671 sed
690 2613 878 2688 argumento
900 2604 1111 2672 resistendum

84 2713 195 2773 estant
217 2710 256 2774 iis
287 2729 370 2792 quac
399 2709 626 2793 comprobandi
657 2710 725 2775 eius
738 2729 846 2776 causa
873 2717 1038 2774 sumuntur
1068 2728 1113 2771 re-

85 2809 307 2887 prehendendis
330 2817 385 2876 aut
411 2811 657 2877 demonstrando
680 2811 713 2874 id
738 2811 822 2893 quod
849 2812 1036 2880 concludere
1068 2811 1112 2874 illi

47 2917 70 2964 ‘25
84 2913 171 2977 velint
192 2936 255 2980 non
279 2915 363 2979 effici
387 2935 428 2979 ex
445 2916 618 2998 vpropositis
641 2934 701 2980 nec
725 2935 795 2980 esse
812 2934 1023 2996 consequens;
1047 2920 1111 2993 aut,
1216 2971 1217 2976 ,

85 3013 107 3075 si
125 3015 167 3080 ita
188 3040 250 3084 non
272 3018 409 3100 refellas,
433 3016 642 3083 adferendum
666 3024 714 3082 θεῖ
736 3018 769 3081 in
787 3017 975 3082 contrariam
990 3023 1112 3102 partem

84 3119 158 3196 ¹quod
180 3121 218 3186 sit
241 3128 296 3186 aut
316 3122 448 3204 gravius
470 3126 526 3184 aut
548 3141 650 3202 acque
672 3141 780 3204 grave.
827 3121 881 3184 illa
900 3128 1007 3186 autem
1032 3139 1113 3201 quae
1132 3141 1182 3187 216

19 3245 20 3252 ¹
86 3225 132 3284 art
161 3225 387 3290 conciliationis
419 3243 516 3288 causa
532 3215 661 3289 ¹leniter
695 3229 749 3288 aut
783 3223 989 3308 permotionis
1020 3223 1113 3286 velie

19 3379 21 3414 ,
87 3331 195 3390 menter
215 3335 354 3411 aguntur
377 3327 542 3392 contrariis
558 3327 821 3393 commotionibus
839 3324 1013 3390 auferenda
1029 3330 1112 3402 sunt,

19 3473 23 3486 .
48 3429 115 3486 ³01st
141 3428 207 3495 odio
233 3431 468 3510 benevolentia,
501 3429 555 3516 [ut]
584 3428 798 3495 misericordia
825 3425 947 3492 invidia
977 3424 1112 3490 tollatur.

19 3491 21 3586 d
177 3533 289 3599 Suavis
311 3541 419 3599 autem
443 3539 491 3597 est
515 3540 545 3597 et
569 3533 774 3598 vehementer
797 3549 892 3612 saepe
916 3527 1002 3592 utilis
1026 3528 1114 3594 iocus
1138 3545 1175 3599 sl

92 3635 117 3690 et
135 3632 279 3720 facetiae,
305 3657 398 3720 quae,
423 3636 547 3700 etiamsi
570 3636 634 3699 alia
656 3635 763 3699 omnia
778 3632 860 3697 uadi
882 3636 951 3694 arte
971 3638 1114 3712 possunt,

90 3739 205 3804 naturae
227 3746 300 3804 sunt
323 3738 452 3824 propria
476 3745 560 3801 certe
576 3756 678 3818 neque
694 3735 790 3798 ullam
805 3739 905 3797 artem
922 3727 1114 3796 desiderant.

89 3829 244 3918 inquibus
267 3846 301 3905 tu
323 3842 419 3922 longe
440 3837 512 3901 aliis
540 3857 612 3901 mea
632 3836 798 3914 sententia,
816 3836 942 3911 Caesar,
967 3835 1115 3916 excellis,
