2834 4110
276 117 338 182 130
477 134 589 188 niune
607 134 644 188 11.
681 133 889 189 onem-sc.
925 135 1103 197 snat-227.

273 345 316 354 —
345 300 390 372 ‘in
419 308 542 372 Tiburti
574 306 655 371 forte
684 305 867 372 adsedimus
898 326 956 390 ego
992 313 1023 370 et
1055 307 1182 372 Marcus
1210 302 1315 371 filins'

273 404 339 476 ‘ubi
363 418 436 475 sunt
458 410 491 474 hi
514 409 615 491 fundi,
639 410 746 490 Brute,
771 429 848 491 quos
871 409 929 475 tibi
952 416 1042 493 pater
1069 409 1207 493 publicis
1235 430 1315 475 com·

273 515 436 579 mentariis
467 514 670 596 consignatos
698 512 849 596 reliquit?
881 513 965 594 quod
999 513 1061 577 nisi
1090 513 1246 596 puberem
1273 520 1313 595 te,

272 617 385 700 inquit,
409 618 473 682 iam
495 618 636 698 heberet,
661 624 806 700 quartum
828 616 943 681 librum
967 616 1195 700 composuisset
1227 624 1258 682 ct
1280 637 1314 682 se

273 722 369 786 ctiam
391 721 424 785 in
455 720 577 785 balneis
607 721 703 784 lotum
736 740 806 784 cum
836 718 901 783 filio
931 719 1083 802 scriptum
1111 717 1356 802 reliquisset'e

202 836 253 885 225
273 825 343 906 quis
374 830 422 890 est
451 823 546 908 igitur
576 824 628 905 qui
659 843 723 888 non
745 823 884 888 fateatur
911 821 973 890 hoo
1002 823 1109 907 lepore
1139 828 1238 906 atque
1265 824 1315 888 his

272 927 397 991 facetiis
427 946 490 992 non
520 926 625 990 minus
654 925 826 991 refutatum
856 945 927 990 esse
957 926 1090 990 Brutum
1120 946 1219 1007 quam
1252 927 1315 992 illis

271 1029 452 1112 tragoediis,
476 1049 554 1111 quas
577 1029 643 1113 egit
672 1029 767 1110 idem,
800 1048 871 1093 cum
901 1049 977 1094 casu
1007 1029 1041 1093 in
1070 1028 1184 1094 eadem
1217 1051 1314 1095 eausa

271 1133 433 1198 efferretur
455 1152 535 1196 anus
557 1132 675 1197 Iunia?
713 1153 769 1216 pro
789 1131 822 1197 di
837 1132 1039 1212 immortales,
1059 1129 1227 1215 quee'fuit
1249 1134 1314 1215 illa,

272 1241 391 1318 quanta
420 1235 486 1300 vis!
522 1255 616 1316 quam
646 1235 858 1319 inexpectata,
891 1256 986 1319 quam
1018 1236 1203 1320 repentina!
1243 1257 1315 1303 oum
1340 1257 1374 1304 ro

273 1339 425 1404 coniectis
447 1338 555 1419 oculis,
578 1345 671 1422 gestu
694 1339 780 1404 omni
804 1345 835 1403 et
857 1339 1045 1420 imminenti,
1070 1359 1195 1404 summa
1208 1342 1314 1425 gravi-

271 1449 336 1507 tate
365 1449 396 1507 et
427 1442 587 1506 celeritate
621 1442 789 1507 verborum
821 1435 938 1523 ‘Brute
973 1442 1049 1524 quid
1084 1443 1203 1508 sedes?
1238 1443 1316 1528 quid

270 1545 357 1609 illam
380 1565 476 1610 anum
499 1545 581 1628 patri
605 1545 751 1609 nuntiare
781 1545 830 1610 vis
858 1545 950 1624 tuo‘i
968 1545 1045 1627 quid
1074 1546 1136 1611 illis
1166 1548 1317 1613 omnibus

271 1668 403 1730 quorum
426 1648 583 1732 imagines
606 1647 678 1712 duoi
701 1647 817 1714 vides?
841 1649 917 1731 quid
940 1649 1113 1714 maioribus
1128 1650 1213 1715 tuis?
1239 1651 1316 1734 quid

269 1752 305 1816 L.
323 1753 430 1833 Bruto,
455 1753 509 1835 qui
531 1751 616 1817 huno
645 1752 796 1836 populum
826 1752 990 1818 dominatu
1020 1753 1107 1837 regio
1137 1753 1311 1820 liberavit?
1337 1781 1369 1828 15

271 1857 348 1939 quid
370 1864 401 1922 te
424 1857 546 1940 egere?
570 1857 620 1921 oui
642 1855 698 1936 rei,
723 1857 774 1920 eui
796 1856 925 1939 gloriae,
955 1857 1005 1921 cui
1027 1857 1137 1922 virtuti
1160 1857 1312 1924 studere?

201 1973 251 2022 226
269 1962 501 2044 patrimonione
523 1959 695 2045 augendo?
726 1967 759 2024 at
789 1960 823 2024 id
854 1982 919 2026 non
949 1967 998 2026 est
1025 1961 1209 2028 nobilitatis.
1257 1962 1314 2028 sed

270 2064 322 2130 fao
345 2085 425 2147 esse,
449 2066 528 2130 nihil
551 2071 713 2150 superest,
737 2064 896 2130 lubidines
926 2071 1027 2130 totum
1055 2065 1313 2149 dissupaverunt.

269 2189 311 2233 an
334 2170 394 2235 iuri
418 2170 525 2234 civili?
549 2175 597 2235 cst
619 2176 794 2253 paternum.
842 2168 901 2234 sed
928 2168 1012 2234 dicet
1040 2176 1081 2250 te,
1115 2190 1187 2234 cum
1215 2170 1315 2238 aedes

270 2273 435 2353 venderes,
460 2294 500 2337 ne
522 2273 657 2337 incutis
680 2272 809 2354 quidem
832 2279 863 2337 et
887 2273 987 2338 caesis
1011 2273 1122 2337 solium
1138 2273 1198 2337 tibi
1213 2282 1315 2358 pater·
1335 2297 1369 2345 20
1398 2329 1401 2336 .

270 2397 347 2439 num
370 2376 537 2459 recepisse.
583 2396 625 2439 an
648 2375 694 2439 rei
724 2376 875 2440 militari?
922 2376 976 2459 qui
1005 2397 1178 2458 numquam
1210 2385 1315 2444 castra

270 2478 402 2544 videris!
427 2500 469 2544 an
491 2479 716 2562 eloquentiae?
739 2500 822 2563 quae
844 2500 947 2562 neque
971 2486 1020 2546 est
1043 2480 1077 2544 in
1100 2488 1131 2545 te
1155 2487 1196 2560 et,
1229 2484 1314 2564 quio

271 2581 348 2664 quid
372 2589 420 2646 est
442 2583 530 2647 vocis
552 2602 590 2646 ao
612 2583 749 2665 linguae,
781 2603 875 2648 omne
905 2585 939 2648 in
969 2584 1065 2648 istum
1094 2584 1314 2668 turpissimum

272 2688 448 2752 calumniae
472 2694 637 2770 quaestum
660 2687 837 2754 contulisti!
861 2698 896 2753 tu
911 2688 1012 2754 lucem
1028 2689 1172 2772 aspicere
1186 2687 1314 2756 audes?

271 2798 305 2856 tu
328 2790 386 2856 hos
416 2791 557 2857 intueri?
589 2792 678 2855 tuin
708 2791 785 2872 foro,
817 2799 851 2856 tu
880 2792 913 2857 in
941 2793 1029 2872 urbe,
1064 2799 1098 2857 tu
1128 2792 1163 2856 iu
1194 2792 1313 2858 civium
1334 2815 1365 2865 aa

271 2915 342 2960 esse
366 2896 563 2979 conspectu?
608 2903 643 2960 tu
671 2896 759 2960 illam
790 2901 955 2976 mortuam,
983 2901 1018 2960 tu
1040 2896 1196 2978 imagines
1226 2897 1316 2981 ipsas

210 3059 247 3112 5⁶
271 3019 334 3064 non
357 2998 594 3082 perhorrescis?
628 2999 742 3082 quibus
769 3019 834 3064 nou
868 2998 960 3064 modo
982 2997 1155 3079 imitandis,
1186 2999 1245 3064 scd
1272 3021 1314 3066 ne

201 3133 251 3181 227
271 3103 476 3168 conlocandis
510 3102 637 3185 quidem
668 3104 726 3167 tibi
756 3104 859 3168 locum
892 3102 991 3168 ullum
1024 3098 1199 3184 reliquisti.³
1255 3104 1315 3169 sed

270 3206 351 3272 haee
374 3207 496 3292 tragica
518 3213 614 3289 atque
638 3206 762 3291 divina;
797 3206 902 3271 faceta
932 3211 1040 3271 autem
1068 3213 1099 3270 ct
1122 3206 1245 3270 urbana
1267 3207 1314 3271 in-

271 3311 481 3376 numerabilia
504 3311 555 3375 vel
578 3332 619 3376 ex
641 3331 705 3376 una
728 3310 875 3375 contione
897 3309 1095 3376 meministis.
1141 3329 1201 3376 neo
1224 3310 1312 3374 enim
1331 3333 1363 3381 ao

270 3417 370 3481 maior
394 3415 552 3482 contentio
575 3435 725 3498 umquam
748 3415 808 3479 fuit
830 3434 890 3480 neo
912 3412 998 3498 apud
1013 3414 1163 3498 populum
1185 3415 1314 3497 gravior

271 3521 371 3585 oratio
401 3541 495 3602 quam
526 3519 620 3584 huius
649 3527 760 3584 eontra
790 3519 954 3602 conlegam
984 3517 1018 3581 in
1047 3537 1181 3583 censura
1210 3537 1314 3602 nuper

271 3643 375 3706 neque
398 3623 504 3706 lepore
527 3629 558 3687 et
581 3622 755 3689 festivitate
779 3621 940 3687 conditior.

377 3724 447 3802 Qua
469 3746 503 3791 re
525 3725 594 3806 tibi,
617 3727 746 3808 Antoni,
774 3733 942 3808 utrumqne
973 3723 1144 3808 adsentior,
1172 3731 1204 3790 ct
1231 3727 1314 3791 mul·
