<?xml version="1.0" encoding="UTF-8"?>
<!DOCTYPE html PUBLIC "-//W3C//DTD XHTML 1.0 Transitional//EN"
    "http://www.w3.org/TR/xhtml1/DTD/xhtml1-transitional.dtd">
<html xmlns="http://www.w3.org/1999/xhtml" xml:lang="en" lang="en">
 <head>
  <title>
</title>
<meta http-equiv="Content-Type" content="text/html;charset=utf-8" />
  <meta name='ocr-system' content='tesseract 3.04.00' />
  <meta name='ocr-capabilities' content='ocr_page ocr_carea ocr_par ocr_line ocrx_word'/>
</head>
<body>
  <div class='ocr_page' id='page_1' title='image "./mtulliciceronis21cicegoog_0105.png"; bbox 0 0 2834 4110; ppageno 0'>
   <div class='ocr_carea' id='block_1_1' title="bbox 285 194 1105 274">
    <p class='ocr_par' dir='ltr' id='par_1_1' title="bbox 285 194 1105 274">
     <span class='ocr_line' id='line_1_1' title="bbox 285 194 1105 274; baseline 0.007 -16"><span class='ocrx_word' id='word_1_1' title='bbox 285 194 327 259; x_wconf 90' lang='lat'>96</span> <span class='ocrx_word' id='word_1_2' title='bbox 508 211 676 265; x_wconf 76' lang='grc'><strong>1111111111.</strong></span> <span class='ocrx_word' id='word_1_3' title='bbox 706 209 913 264; x_wconf 69' lang='lat' dir='ltr'>onem-24.</span> <span class='ocrx_word' id='word_1_4' title='bbox 944 212 1105 274; x_wconf 76' lang='lat' dir='ltr'>ses-101.</span> 
     </span>
    </p>
   </div>
   <div class='ocr_carea' id='block_1_2' title="bbox 284 382 1379 2028">
    <p class='ocr_par' dir='ltr' id='par_1_2' title="bbox 284 382 1379 1490">
     <span class='ocr_line' id='line_1_2' title="bbox 285 382 1329 467; baseline 0.002 -19"><span class='ocrx_word' id='word_1_5' title='bbox 285 385 400 451; x_wconf 89' lang='lat' dir='ltr'>nostris</span> <span class='ocrx_word' id='word_1_6' title='bbox 430 383 558 467; x_wconf 87' lang='lat' dir='ltr'>quidem</span> <span class='ocrx_word' id='word_1_7' title='bbox 588 384 763 450; x_wconf 89' lang='lat' dir='ltr'>oratoribus</span> <span class='ocrx_word' id='word_1_8' title='bbox 792 383 934 467; x_wconf 89' lang='lat' dir='ltr'>leporem</span> <span class='ocrx_word' id='word_1_9' title='bbox 964 382 1124 466; x_wconf 85' lang='lat' dir='ltr'><strong>quendam</strong></span> <span class='ocrx_word' id='word_1_10' title='bbox 1155 390 1188 449; x_wconf 92' lang='lat' dir='ltr'>et</span> <span class='ocrx_word' id='word_1_11' title='bbox 1220 385 1329 466; x_wconf 85' lang='lat' dir='ltr'>salem,</span> 
     </span>
     <span class='ocr_line' id='line_1_3' title="bbox 284 487 1330 571; baseline 0.001 -17"><span class='ocrx_word' id='word_1_12' title='bbox 284 491 364 554; x_wconf 84' lang='lat' dir='ltr'>alter</span> <span class='ocrx_word' id='word_1_13' title='bbox 393 489 609 555; x_wconf 90' lang='lat' dir='ltr'>acutissimum</span> <span class='ocrx_word' id='word_1_14' title='bbox 643 495 675 553; x_wconf 89' lang='lat' dir='ltr'>et</span> <span class='ocrx_word' id='word_1_15' title='bbox 708 487 950 554; x_wconf 87' lang='lat' dir='ltr'>subtilissimum</span> <span class='ocrx_word' id='word_1_16' title='bbox 980 487 1108 553; x_wconf 88' lang='lat' dir='ltr'>dicendi</span> <span class='ocrx_word' id='word_1_17' title='bbox 1141 507 1248 571; x_wconf 86' lang='lat' dir='ltr'>genus</span> <span class='ocrx_word' id='word_1_18' title='bbox 1283 497 1330 554; x_wconf 89' lang='lat' dir='ltr'>est</span> 
     </span>
     <span class='ocr_line' id='line_1_4' title="bbox 285 591 1330 677; baseline 0 -19"><span class='ocrx_word' id='word_1_19' title='bbox 285 600 482 660; x_wconf 88' lang='lat' dir='ltr'>consecutus.</span> <span class='ocrx_word' id='word_1_20' title='bbox 534 612 638 674; x_wconf 88' lang='lat' dir='ltr'>neque</span> <span class='ocrx_word' id='word_1_21' title='bbox 672 611 748 656; x_wconf 89' lang='lat' dir='ltr'>vero</span> <span class='ocrx_word' id='word_1_22' title='bbox 782 597 888 657; x_wconf 89' lang='lat' dir='ltr'>vester</span> <span class='ocrx_word' id='word_1_23' title='bbox 919 593 1062 674; x_wconf 89' lang='lat' dir='ltr'>aequalis</span> <span class='ocrx_word' id='word_1_24' title='bbox 1096 591 1202 674; x_wconf 75' lang='lat' dir='ltr'>(turio,</span> <span class='ocrx_word' id='word_1_25' title='bbox 1238 600 1330 677; x_wconf 89' lang='lat' dir='ltr'>patre</span> 
     </span>
     <span class='ocr_line' id='line_1_5' title="bbox 285 695 1331 780; baseline -0.002 -17"><span class='ocrx_word' id='word_1_26' title='bbox 285 717 358 763; x_wconf 87' lang='lat' dir='ltr'>mea</span> <span class='ocrx_word' id='word_1_27' title='bbox 380 697 538 762; x_wconf 87' lang='lat' dir='ltr'>sententia</span> <span class='ocrx_word' id='word_1_28' title='bbox 559 697 612 760; x_wconf 86' lang='lat' dir='ltr'>vel</span> <span class='ocrx_word' id='word_1_29' title='bbox 636 696 891 778; x_wconf 90' lang='lat' dir='ltr'>eloquentissimo</span> <span class='ocrx_word' id='word_1_30' title='bbox 906 695 1102 780; x_wconf 80' lang='lat' dir='ltr'>temporibus</span> <span class='ocrx_word' id='word_1_31' title='bbox 1124 695 1198 777; x_wconf 85' lang='lat' dir='ltr'>illis,</span> <span class='ocrx_word' id='word_1_32' title='bbox 1224 716 1331 778; x_wconf 91' lang='lat' dir='ltr'>quem·</span> 
     </span>
     <span class='ocr_line' id='line_1_6' title="bbox 286 797 1362 884; baseline -0.001 -19"><span class='ocrx_word' id='word_1_33' title='bbox 286 821 381 884; x_wconf 87' lang='lat' dir='ltr'>quam</span> <span class='ocrx_word' id='word_1_34' title='bbox 410 800 488 865; x_wconf 93' lang='lat' dir='ltr'>mihi</span> <span class='ocrx_word' id='word_1_35' title='bbox 518 820 635 883; x_wconf 83' lang='lat' dir='ltr'>magno</span> <span class='ocrx_word' id='word_1_36' title='bbox 670 819 765 883; x_wconf 89' lang='lat' dir='ltr'>opere</span> <span class='ocrx_word' id='word_1_37' title='bbox 795 797 921 864; x_wconf 83' lang='lat' dir='ltr'>videtur</span> <span class='ocrx_word' id='word_1_38' title='bbox 954 799 1089 883; x_wconf 78' lang='lat' dir='ltr'>imitari3</span> <span class='ocrx_word' id='word_1_39' title='bbox 1128 799 1184 881; x_wconf 91' lang='lat' dir='ltr'>qui</span> <span class='ocrx_word' id='word_1_40' title='bbox 1221 806 1362 865; x_wconf 71' lang='lat' dir='ltr'>tament</span> 
     </span>
     <span class='ocr_line' id='line_1_7' title="bbox 284 903 1331 987; baseline -0.001 -18"><span class='ocrx_word' id='word_1_41' title='bbox 284 907 453 970; x_wconf 87' lang='lat' dir='ltr'>verborum</span> <span class='ocrx_word' id='word_1_42' title='bbox 475 903 632 987; x_wconf 85' lang='lat' dir='ltr'>gravitate</span> <span class='ocrx_word' id='word_1_43' title='bbox 656 910 687 968; x_wconf 89' lang='lat' dir='ltr'>et</span> <span class='ocrx_word' id='word_1_44' title='bbox 710 903 869 986; x_wconf 68' lang='lat' dir='ltr'>elegantia</span> <span class='ocrx_word' id='word_1_45' title='bbox 891 909 923 968; x_wconf 90' lang='lat' dir='ltr'>et</span> <span class='ocrx_word' id='word_1_46' title='bbox 938 903 1030 987; x_wconf 89' lang='lat' dir='ltr'>copia</span> <span class='ocrx_word' id='word_1_47' title='bbox 1051 922 1143 967; x_wconf 84' lang='lat' dir='ltr'>suam</span> <span class='ocrx_word' id='word_1_48' title='bbox 1166 903 1331 986; x_wconf 83' lang='lat' dir='ltr'>quandam</span> 
     </span>
     <span class='ocr_line' id='line_1_8' title="bbox 286 1005 1330 1092; baseline 0.001 -20"><span class='ocrx_word' id='word_1_49' title='bbox 286 1008 444 1092; x_wconf 81' lang='lat' dir='ltr'>expressit</span> <span class='ocrx_word' id='word_1_50' title='bbox 467 1007 557 1089; x_wconf 81' lang='lat' dir='ltr'><strong>quasi</strong></span> <span class='ocrx_word' id='word_1_51' title='bbox 588 1007 723 1072; x_wconf 86' lang='lat' dir='ltr'>formam</span> <span class='ocrx_word' id='word_1_52' title='bbox 749 1006 947 1090; x_wconf 85' lang='lat' dir='ltr'>figuramque</span> <span class='ocrx_word' id='word_1_53' title='bbox 975 1005 1111 1072; x_wconf 90' lang='lat' dir='ltr'>dicendi.</span> <span class='ocrx_word' id='word_1_54' title='bbox 1159 1006 1247 1089; x_wconf 89' lang='lat' dir='ltr'>quod</span> <span class='ocrx_word' id='word_1_55' title='bbox 1271 1028 1330 1092; x_wconf 87' lang='lat' dir='ltr'>ego</span> 
     </span>
     <span class='ocr_line' id='line_1_9' title="bbox 285 1111 1331 1206; baseline 0 -30"><span class='ocrx_word' id='word_1_56' title='bbox 285 1113 425 1176; x_wconf 85' lang='lat' dir='ltr'>maxime</span> <span class='ocrx_word' id='word_1_57' title='bbox 447 1111 587 1176; x_wconf 90' lang='lat' dir='ltr'>iudicare</span> <span class='ocrx_word' id='word_1_58' title='bbox 610 1112 698 1196; x_wconf 88' lang='lat' dir='ltr'>potui</span> <span class='ocrx_word' id='word_1_59' title='bbox 720 1111 755 1175; x_wconf 94' lang='lat' dir='ltr'>in</span> <span class='ocrx_word' id='word_1_60' title='bbox 777 1130 816 1175; x_wconf 87' lang='lat' dir='ltr'>ea</span> <span class='ocrx_word' id='word_1_61' title='bbox 831 1131 927 1176; x_wconf 86' lang='lat' dir='ltr'>causa</span> <span class='ocrx_word' id='word_1_62' title='bbox 950 1131 1045 1193; x_wconf 85' lang='lat' dir='ltr'>quam</span> <span class='ocrx_word' id='word_1_63' title='bbox 1068 1111 1121 1176; x_wconf 91' lang='lat' dir='ltr'>ille</span> <span class='ocrx_word' id='word_1_64' title='bbox 1144 1118 1264 1206; x_wconf 41' lang='lat' dir='ltr'>contra·</span> <span class='ocrx_word' id='word_1_65' title='bbox 1279 1132 1331 1177; x_wconf 92' lang='lat' dir='ltr'>me</span> 
     </span>
     <span class='ocr_line' id='line_1_10' title="bbox 284 1214 1332 1300; baseline 0.002 -20"><span class='ocrx_word' id='word_1_66' title='bbox 284 1215 371 1300; x_wconf 89' lang='lat' dir='ltr'>apud</span> <span class='ocrx_word' id='word_1_67' title='bbox 395 1215 606 1281; x_wconf 88' lang='lat' dir='ltr'>centumviros</span> <span class='ocrx_word' id='word_1_68' title='bbox 628 1236 684 1300; x_wconf 93' lang='lat' dir='ltr'>pro</span> <span class='ocrx_word' id='word_1_69' title='bbox 700 1214 850 1280; x_wconf 81' lang='lat' dir='ltr'>iratribus</span> <span class='ocrx_word' id='word_1_70' title='bbox 866 1215 972 1281; x_wconf 81' lang='lat' dir='ltr'>Cossis</span> <span class='ocrx_word' id='word_1_71' title='bbox 995 1214 1089 1299; x_wconf 81' lang='lat' dir='ltr'>dixit;</span> <span class='ocrx_word' id='word_1_72' title='bbox 1112 1214 1147 1280; x_wconf 94' lang='lat' dir='ltr'>in</span> <span class='ocrx_word' id='word_1_73' title='bbox 1163 1236 1228 1298; x_wconf 87' lang='lat' dir='ltr'>qua</span> <span class='ocrx_word' id='word_1_74' title='bbox 1251 1217 1332 1282; x_wconf 89' lang='lat' dir='ltr'>nihil</span> 
     </span>
     <span class='ocr_line' id='line_1_11' title="bbox 284 1319 1379 1406; baseline 0.002 -22"><span class='ocrx_word' id='word_1_75' title='bbox 284 1321 330 1385; x_wconf 93' lang='lat' dir='ltr'>illi</span> <span class='ocrx_word' id='word_1_76' title='bbox 354 1320 454 1384; x_wconf 86' lang='lat' dir='ltr'>defuit</span> <span class='ocrx_word' id='word_1_77' title='bbox 477 1320 560 1401; x_wconf 89' lang='lat' dir='ltr'>quod</span> <span class='ocrx_word' id='word_1_78' title='bbox 590 1340 654 1384; x_wconf 94' lang='lat' dir='ltr'>non</span> <span class='ocrx_word' id='word_1_79' title='bbox 685 1319 779 1385; x_wconf 91' lang='lat' dir='ltr'>modo</span> <span class='ocrx_word' id='word_1_80' title='bbox 803 1319 958 1404; x_wconf 86' lang='lat' dir='ltr'>copiosus,</span> <span class='ocrx_word' id='word_1_81' title='bbox 990 1319 1167 1384; x_wconf 87' lang='lat' dir='ltr'>sedetiam</span> <span class='ocrx_word' id='word_1_82' title='bbox 1198 1321 1331 1406; x_wconf 90' lang='lat' dir='ltr'>sapiens</span> <span class='ocrx_word' id='word_1_83' title='bbox 1350 1328 1379 1376; x_wconf 85' lang='lat'>10</span> 
     </span>
     <span class='ocr_line' id='line_1_12' title="bbox 285 1422 692 1490; baseline -0.005 0"><span class='ocrx_word' id='word_1_84' title='bbox 285 1431 389 1490; x_wconf 88' lang='lat' dir='ltr'>orator</span> <span class='ocrx_word' id='word_1_85' title='bbox 412 1424 530 1490; x_wconf 87' lang='lat' dir='ltr'>habere</span> <span class='ocrx_word' id='word_1_86' title='bbox 553 1422 692 1489; x_wconf 82' lang='lat' dir='ltr'>deberet.</span> 
     </span>
    </p>

    <p class='ocr_par' dir='ltr' id='par_1_3' title="bbox 286 1526 1379 2028">
     <span class='ocr_line' id='line_1_13' title="bbox 389 1526 1330 1609; baseline 0 -16"><span class='ocrx_word' id='word_1_87' title='bbox 389 1529 507 1593; x_wconf 80' lang='lat' dir='ltr'>Verum</span> <span class='ocrx_word' id='word_1_88' title='bbox 535 1534 569 1592; x_wconf 88' lang='lat' dir='ltr'>ut</span> <span class='ocrx_word' id='word_1_89' title='bbox 599 1527 770 1609; x_wconf 86' lang='lat' dir='ltr'>aliquando</span> <span class='ocrx_word' id='word_1_90' title='bbox 800 1527 843 1591; x_wconf 88' lang='lat' dir='ltr'>ad</span> <span class='ocrx_word' id='word_1_91' title='bbox 873 1547 985 1593; x_wconf 86' lang='lat' dir='ltr'>causas</span> <span class='ocrx_word' id='word_1_92' title='bbox 1013 1526 1207 1593; x_wconf 88' lang='lat' dir='ltr'>deducamus</span> <span class='ocrx_word' id='word_1_93' title='bbox 1239 1529 1330 1594; x_wconf 91' lang='lat' dir='ltr'>illum</span> 
     </span>
     <span class='ocr_line' id='line_1_14' title="bbox 286 1631 1330 1715; baseline 0 -19"><span class='ocrx_word' id='word_1_94' title='bbox 286 1652 380 1714; x_wconf 89' lang='lat' dir='ltr'>quem</span> <span class='ocrx_word' id='word_1_95' title='bbox 404 1631 632 1713; x_wconf 86' lang='lat' dir='ltr'>constituimus,</span> <span class='ocrx_word' id='word_1_96' title='bbox 664 1637 695 1695; x_wconf 88' lang='lat' dir='ltr'>et</span> <span class='ocrx_word' id='word_1_97' title='bbox 718 1651 773 1696; x_wconf 87' lang='lat' dir='ltr'>eas</span> <span class='ocrx_word' id='word_1_98' title='bbox 796 1631 925 1713; x_wconf 88' lang='lat' dir='ltr'>quidem</span> <span class='ocrx_word' id='word_1_99' title='bbox 954 1631 988 1696; x_wconf 92' lang='lat' dir='ltr'>in</span> <span class='ocrx_word' id='word_1_100' title='bbox 1011 1632 1125 1714; x_wconf 90' lang='lat' dir='ltr'>quibus</span> <span class='ocrx_word' id='word_1_101' title='bbox 1148 1631 1330 1715; x_wconf 89' lang='lat' dir='ltr'>plusculum</span> 
     </span>
     <span class='ocr_line' id='line_1_15' title="bbox 286 1735 1330 1820; baseline 0.001 -19"><span class='ocrx_word' id='word_1_102' title='bbox 286 1737 406 1819; x_wconf 85' lang='lat' dir='ltr'>negotii</span> <span class='ocrx_word' id='word_1_103' title='bbox 437 1742 495 1818; x_wconf 90' lang='lat' dir='ltr'>est,</span> <span class='ocrx_word' id='word_1_104' title='bbox 526 1736 713 1801; x_wconf 90' lang='lat' dir='ltr'>iudiciorum</span> <span class='ocrx_word' id='word_1_105' title='bbox 742 1742 838 1816; x_wconf 86' lang='lat' dir='ltr'>atque</span> <span class='ocrx_word' id='word_1_106' title='bbox 872 1735 974 1800; x_wconf 90' lang='lat' dir='ltr'>litium</span> <span class='ocrx_word' id='word_1_107' title='bbox 1004 1774 1047 1782; x_wconf 92' lang='lat'><em>-</em></span> <span class='ocrx_word' id='word_1_108' title='bbox 1076 1735 1182 1800; x_wconf 84' lang='lat' dir='ltr'>riserit</span> <span class='ocrx_word' id='word_1_109' title='bbox 1212 1737 1330 1820; x_wconf 85' lang='lat' dir='ltr'>aliquis</span> 
     </span>
     <span class='ocr_line' id='line_1_16' title="bbox 286 1840 1379 1925; baseline -0.005 -19"><span class='ocrx_word' id='word_1_110' title='bbox 286 1841 420 1907; x_wconf 86' lang='lat' dir='ltr'>fortasse</span> <span class='ocrx_word' id='word_1_111' title='bbox 450 1840 511 1906; x_wconf 93' lang='lat' dir='ltr'>hoc</span> <span class='ocrx_word' id='word_1_112' title='bbox 540 1846 761 1925; x_wconf 64' lang='lat' dir='ltr'>praeceptum</span> <span class='ocrx_word' id='word_1_113' title='bbox 797 1847 845 1904; x_wconf 90' lang='lat' dir='ltr'>est</span> <span class='ocrx_word' id='word_1_114' title='bbox 876 1840 961 1904; x_wconf 90' lang='lat' dir='ltr'>enim</span> <span class='ocrx_word' id='word_1_115' title='bbox 996 1861 1060 1905; x_wconf 95' lang='lat' dir='ltr'>non</span> <span class='ocrx_word' id='word_1_116' title='bbox 1095 1845 1160 1906; x_wconf 88' lang='lat' dir='ltr'>tam</span> <span class='ocrx_word' id='word_1_117' title='bbox 1197 1849 1329 1907; x_wconf 88' lang='lat' dir='ltr'>acutum</span> <span class='ocrx_word' id='word_1_118' title='bbox 1349 1854 1379 1902; x_wconf 80' lang='lat'>15</span> 
     </span>
     <span class='ocr_line' id='line_1_17' title="bbox 286 1943 1331 2028; baseline 0 -18"><span class='ocrx_word' id='word_1_119' title='bbox 286 1966 381 2028; x_wconf 88' lang='lat' dir='ltr'>quam</span> <span class='ocrx_word' id='word_1_120' title='bbox 404 1945 618 2010; x_wconf 89' lang='lat' dir='ltr'>necessarium</span> <span class='ocrx_word' id='word_1_121' title='bbox 649 1943 813 2028; x_wconf 85' lang='lat' dir='ltr'>magisque</span> <span class='ocrx_word' id='word_1_122' title='bbox 841 1944 1006 2009; x_wconf 87' lang='lat' dir='ltr'>monitoris</span> <span class='ocrx_word' id='word_1_123' title='bbox 1036 1964 1099 2009; x_wconf 94' lang='lat' dir='ltr'>non</span> <span class='ocrx_word' id='word_1_124' title='bbox 1130 1943 1211 2009; x_wconf 82' lang='lat' dir='ltr'>fatui</span> <span class='ocrx_word' id='word_1_125' title='bbox 1235 1965 1331 2027; x_wconf 86' lang='lat' dir='ltr'>quam</span> 
     </span>
    </p>
   </div>
   <div class='ocr_carea' id='block_1_3' title="bbox 228 1506 266 1627">
    <p class='ocr_par' dir='ltr' id='par_1_4' title="bbox 228 1506 266 1627">
     <span class='ocr_line' id='line_1_18' title="bbox 228 1506 265 1559; baseline 0 0"><span class='ocrx_word' id='word_1_126' title='bbox 228 1506 265 1559; x_wconf 76' lang='lat'>24</span> 
     </span>
     <span class='ocr_line' id='line_1_19' title="bbox 234 1580 266 1627; baseline 0 0"><span class='ocrx_word' id='word_1_127' title='bbox 234 1580 266 1627; x_wconf 83' lang='lat'>99</span> 
     </span>
    </p>
   </div>
   <div class='ocr_carea' id='block_1_4' title="bbox 288 2047 1331 2138">
    <p class='ocr_par' dir='ltr' id='par_1_5' title="bbox 288 2047 1331 2138">
     <span class='ocr_line' id='line_1_20' title="bbox 288 2047 1331 2138; baseline 0 -24"><span class='ocrx_word' id='word_1_128' title='bbox 288 2049 403 2138; x_wconf 82' lang='lat' dir='ltr'>eruditi</span> <span class='ocrx_word' id='word_1_129' title='bbox 426 2049 569 2134; x_wconf 84' lang='lat' dir='ltr'>magistri</span> <span class='ocrx_word' id='word_1_130' title='bbox 593 2073 649 2112; x_wconf 92' lang='lat'>—:</span> <span class='ocrx_word' id='word_1_131' title='bbox 673 2049 733 2113; x_wconf 93' lang='lat' dir='ltr'>hoc</span> <span class='ocrx_word' id='word_1_132' title='bbox 757 2049 784 2112; x_wconf 93' lang='lat' dir='ltr'>ei</span> <span class='ocrx_word' id='word_1_133' title='bbox 808 2047 944 2131; x_wconf 90' lang='lat' dir='ltr'>primum</span> <span class='ocrx_word' id='word_1_134' title='bbox 966 2047 1209 2132; x_wconf 75' lang='lat' dir='ltr'>praecipiemus,</span> <span class='ocrx_word' id='word_1_135' title='bbox 1241 2069 1331 2132; x_wconf 87' lang='lat' dir='ltr'>quas-</span> 
     </span>
    </p>
   </div>
   <div class='ocr_carea' id='block_1_5' title="bbox 218 2151 1380 3900">
    <p class='ocr_par' dir='ltr' id='par_1_6' title="bbox 218 2151 1380 3900">
     <span class='ocr_line' id='line_1_21' title="bbox 287 2151 1331 2236; baseline 0 -18"><span class='ocrx_word' id='word_1_136' title='bbox 287 2173 421 2235; x_wconf 83' lang='lat' dir='ltr'>cumque</span> <span class='ocrx_word' id='word_1_137' title='bbox 445 2173 557 2218; x_wconf 87' lang='lat' dir='ltr'>causas</span> <span class='ocrx_word' id='word_1_138' title='bbox 580 2153 639 2217; x_wconf 91' lang='lat' dir='ltr'>erit</span> <span class='ocrx_word' id='word_1_139' title='bbox 654 2157 854 2232; x_wconf 80' lang='lat' dir='ltr'>tractaturus,</span> <span class='ocrx_word' id='word_1_140' title='bbox 877 2157 912 2215; x_wconf 88' lang='lat' dir='ltr'>ut</span> <span class='ocrx_word' id='word_1_141' title='bbox 928 2171 982 2217; x_wconf 83' lang='lat' dir='ltr'>eas</span> <span class='ocrx_word' id='word_1_142' title='bbox 999 2151 1167 2234; x_wconf 85' lang='lat' dir='ltr'>diligenter</span> <span class='ocrx_word' id='word_1_143' title='bbox 1189 2153 1331 2236; x_wconf 87' lang='lat' dir='ltr'>penitus-</span> 
     </span>
     <span class='ocr_line' id='line_1_22' title="bbox 219 2254 1329 2341; baseline 0.001 -21"><span class='ocrx_word' id='word_1_144' title='bbox 219 2272 267 2320; x_wconf 93' lang='lat' dir='ltr'>1oo</span> <span class='ocrx_word' id='word_1_145' title='bbox 287 2278 348 2340; x_wconf 93' lang='lat' dir='ltr'>que</span> <span class='ocrx_word' id='word_1_146' title='bbox 365 2264 543 2340; x_wconf 83' lang='lat' dir='ltr'>cognoscat.</span> <span class='ocrx_word' id='word_1_147' title='bbox 577 2256 636 2322; x_wconf 89' lang='lat' dir='ltr'>hoc</span> <span class='ocrx_word' id='word_1_148' title='bbox 658 2257 693 2320; x_wconf 92' lang='lat' dir='ltr'>in</span> <span class='ocrx_word' id='word_1_149' title='bbox 714 2256 788 2321; x_wconf 88' lang='lat' dir='ltr'>ludo</span> <span class='ocrx_word' id='word_1_150' title='bbox 805 2276 868 2320; x_wconf 91' lang='lat' dir='ltr'>non</span> <span class='ocrx_word' id='word_1_151' title='bbox 884 2255 1090 2341; x_wconf 62' lang='lat' dir='ltr'>praecipitum</span> <span class='ocrx_word' id='word_1_152' title='bbox 1113 2254 1227 2322; x_wconf 87' lang='lat' dir='ltr'>faciles</span> <span class='ocrx_word' id='word_1_153' title='bbox 1244 2259 1329 2322; x_wconf 90' lang='lat' dir='ltr'>enim</span> 
     </span>
     <span class='ocr_line' id='line_1_23' title="bbox 286 2359 1380 2444; baseline -0.001 -18"><span class='ocrx_word' id='word_1_154' title='bbox 286 2381 402 2426; x_wconf 88' lang='lat' dir='ltr'>causae</span> <span class='ocrx_word' id='word_1_155' title='bbox 429 2361 472 2425; x_wconf 89' lang='lat' dir='ltr'>ad</span> <span class='ocrx_word' id='word_1_156' title='bbox 501 2381 615 2444; x_wconf 91' lang='lat' dir='ltr'>pueros</span> <span class='ocrx_word' id='word_1_157' title='bbox 638 2359 835 2425; x_wconf 85' lang='lat' dir='ltr'>deferuntur:</span> <span class='ocrx_word' id='word_1_158' title='bbox 865 2361 919 2425; x_wconf 85' lang='lat' dir='ltr'>lex</span> <span class='ocrx_word' id='word_1_159' title='bbox 951 2359 1152 2444; x_wconf 83' lang='lat' dir='ltr'>peregrinum</span> <span class='ocrx_word' id='word_1_160' title='bbox 1182 2361 1380 2425; x_wconf 73' lang='lat' dir='ltr'>vetatione</span> 
     </span>
     <span class='ocr_line' id='line_1_24' title="bbox 286 2463 1326 2550; baseline -0.001 -21"><span class='ocrx_word' id='word_1_161' title='bbox 286 2485 410 2529; x_wconf 90' lang='lat' dir='ltr'>murum</span> <span class='ocrx_word' id='word_1_162' title='bbox 434 2463 619 2550; x_wconf 81' lang='lat' dir='ltr'>escendere3</span> <span class='ocrx_word' id='word_1_163' title='bbox 652 2464 808 2549; x_wconf 81' lang='lat' dir='ltr'>escendit3</span> <span class='ocrx_word' id='word_1_164' title='bbox 839 2463 939 2529; x_wconf 91' lang='lat' dir='ltr'>hostis</span> <span class='ocrx_word' id='word_1_165' title='bbox 966 2463 1117 2548; x_wconf 90' lang='lat' dir='ltr'>reppulit:</span> <span class='ocrx_word' id='word_1_166' title='bbox 1148 2471 1326 2530; x_wconf 86' lang='lat' dir='ltr'>accusatur.</span> 
     </span>
     <span class='ocr_line' id='line_1_25' title="bbox 286 2567 1330 2653; baseline 0 -21"><span class='ocrx_word' id='word_1_167' title='bbox 286 2567 365 2633; x_wconf 92' lang='lat' dir='ltr'>nihil</span> <span class='ocrx_word' id='word_1_168' title='bbox 396 2575 444 2634; x_wconf 91' lang='lat' dir='ltr'>est</span> <span class='ocrx_word' id='word_1_169' title='bbox 474 2568 595 2651; x_wconf 85' lang='lat' dir='ltr'>negotii</span> <span class='ocrx_word' id='word_1_170' title='bbox 626 2567 694 2633; x_wconf 93' lang='lat' dir='ltr'>eius</span> <span class='ocrx_word' id='word_1_171' title='bbox 724 2567 810 2633; x_wconf 89' lang='lat' dir='ltr'>modi</span> <span class='ocrx_word' id='word_1_172' title='bbox 840 2587 967 2633; x_wconf 89' lang='lat' dir='ltr'>causam</span> <span class='ocrx_word' id='word_1_173' title='bbox 999 2586 1204 2653; x_wconf 59' lang='lat' dir='ltr'>cognoscem</span> <span class='ocrx_word' id='word_1_174' title='bbox 1243 2574 1330 2634; x_wconf 90' lang='lat' dir='ltr'>recte</span> 
     </span>
     <span class='ocr_line' id='line_1_26' title="bbox 285 2671 1329 2760; baseline -0.002 -22"><span class='ocrx_word' id='word_1_175' title='bbox 285 2672 382 2757; x_wconf 84' lang='lat' dir='ltr'>igitur</span> <span class='ocrx_word' id='word_1_176' title='bbox 404 2672 482 2737; x_wconf 91' lang='lat' dir='ltr'>nihil</span> <span class='ocrx_word' id='word_1_177' title='bbox 499 2672 539 2738; x_wconf 89' lang='lat' dir='ltr'>de</span> <span class='ocrx_word' id='word_1_178' title='bbox 555 2693 651 2738; x_wconf 88' lang='lat' dir='ltr'>causa</span> <span class='ocrx_word' id='word_1_179' title='bbox 672 2671 826 2738; x_wconf 89' lang='lat' dir='ltr'>discenda</span> <span class='ocrx_word' id='word_1_180' title='bbox 847 2673 1048 2757; x_wconf 86' lang='lat' dir='ltr'>praecipiunt</span> <span class='ocrx_word' id='word_1_181' title='bbox 1071 2671 1162 2760; x_wconf 75' lang='lat' dir='ltr'>[haec</span> <span class='ocrx_word' id='word_1_182' title='bbox 1178 2678 1228 2738; x_wconf 89' lang='lat' dir='ltr'>est</span> <span class='ocrx_word' id='word_1_183' title='bbox 1244 2673 1329 2737; x_wconf 92' lang='lat' dir='ltr'>enim</span> 
     </span>
     <span class='ocr_line' id='line_1_27' title="bbox 285 2775 1329 2864; baseline -0.002 -22"><span class='ocrx_word' id='word_1_184' title='bbox 285 2778 319 2842; x_wconf 93' lang='lat' dir='ltr'>in</span> <span class='ocrx_word' id='word_1_185' title='bbox 342 2777 416 2842; x_wconf 92' lang='lat' dir='ltr'>ludo</span> <span class='ocrx_word' id='word_1_186' title='bbox 440 2796 605 2841; x_wconf 87' lang='lat' dir='ltr'>causarum</span> <span class='ocrx_word' id='word_1_187' title='bbox 628 2776 764 2842; x_wconf 86' lang='lat' dir='ltr'>formula</span> <span class='ocrx_word' id='word_1_188' title='bbox 786 2775 874 2864; x_wconf 72' lang='lat' dir='ltr'>ferel.</span> <span class='ocrx_word' id='word_1_189' title='bbox 906 2784 1036 2842; x_wconf 87' lang='lat' dir='ltr'>atvero</span> <span class='ocrx_word' id='word_1_190' title='bbox 1059 2776 1093 2841; x_wconf 94' lang='lat' dir='ltr'>in</span> <span class='ocrx_word' id='word_1_191' title='bbox 1116 2775 1183 2841; x_wconf 83' lang='lat' dir='ltr'>foro</span> <span class='ocrx_word' id='word_1_192' title='bbox 1200 2777 1329 2841; x_wconf 88' lang='lat' dir='ltr'>tabulae</span> 
     </span>
     <span class='ocr_line' id='line_1_28' title="bbox 286 2879 1379 2965; baseline 0 -21"><span class='ocrx_word' id='word_1_193' title='bbox 286 2881 470 2946; x_wconf 89' lang='lat' dir='ltr'>testimonia</span> <span class='ocrx_word' id='word_1_194' title='bbox 499 2887 593 2964; x_wconf 86' lang='lat' dir='ltr'>pacta</span> <span class='ocrx_word' id='word_1_195' title='bbox 616 2888 774 2946; x_wconf 84' lang='lat' dir='ltr'>conventa</span> <span class='ocrx_word' id='word_1_196' title='bbox 800 2881 1019 2965; x_wconf 86' lang='lat' dir='ltr'>stipulationes</span> <span class='ocrx_word' id='word_1_197' title='bbox 1042 2879 1249 2963; x_wconf 81' lang='lat' dir='ltr'>cognationes</span> <span class='ocrx_word' id='word_1_198' title='bbox 1276 2879 1328 2944; x_wconf 89' lang='lat' dir='ltr'>ad·</span> <span class='ocrx_word' id='word_1_199' title='bbox 1347 2897 1379 2944; x_wconf 81' lang='lat'>25</span> 
     </span>
     <span class='ocr_line' id='line_1_29' title="bbox 285 2982 1327 3069; baseline 0.002 -22"><span class='ocrx_word' id='word_1_200' title='bbox 285 2982 424 3050; x_wconf 89' lang='lat' dir='ltr'>finitates</span> <span class='ocrx_word' id='word_1_201' title='bbox 454 2983 582 3049; x_wconf 83' lang='lat' dir='ltr'>decreta</span> <span class='ocrx_word' id='word_1_202' title='bbox 616 3004 768 3069; x_wconf 87' lang='lat' dir='ltr'>responsa</span> <span class='ocrx_word' id='word_1_203' title='bbox 797 2985 865 3050; x_wconf 85' lang='lat' dir='ltr'>vita</span> <span class='ocrx_word' id='word_1_204' title='bbox 900 2984 1039 3067; x_wconf 89' lang='lat' dir='ltr'>denique</span> <span class='ocrx_word' id='word_1_205' title='bbox 1069 3004 1177 3049; x_wconf 91' lang='lat' dir='ltr'>eorum</span> <span class='ocrx_word' id='word_1_206' title='bbox 1209 2985 1265 3067; x_wconf 90' lang='lat' dir='ltr'>qui</span> <span class='ocrx_word' id='word_1_207' title='bbox 1295 2986 1327 3049; x_wconf 93' lang='lat' dir='ltr'>in</span> 
     </span>
     <span class='ocr_line' id='line_1_30' title="bbox 286 3087 1327 3172; baseline 0 -20"><span class='ocrx_word' id='word_1_208' title='bbox 286 3107 382 3152; x_wconf 87' lang='lat' dir='ltr'>causa</span> <span class='ocrx_word' id='word_1_209' title='bbox 411 3094 579 3153; x_wconf 87' lang='lat' dir='ltr'>versantur</span> <span class='ocrx_word' id='word_1_210' title='bbox 613 3094 680 3153; x_wconf 85' lang='lat' dir='ltr'>tota</span> <span class='ocrx_word' id='word_1_211' title='bbox 710 3087 932 3172; x_wconf 84' lang='lat' dir='ltr'>cognoscenda</span> <span class='ocrx_word' id='word_1_212' title='bbox 961 3094 1022 3172; x_wconf 87' lang='lat' dir='ltr'>est;</span> <span class='ocrx_word' id='word_1_213' title='bbox 1044 3099 1189 3170; x_wconf 66' lang='lat' dir='ltr'>”quarum</span> <span class='ocrx_word' id='word_1_214' title='bbox 1223 3109 1327 3153; x_wconf 91' lang='lat' dir='ltr'>rerum</span> 
     </span>
     <span class='ocr_line' id='line_1_31' title="bbox 286 3191 1327 3277; baseline 0 -21"><span class='ocrx_word' id='word_1_215' title='bbox 286 3191 490 3277; x_wconf 83' lang='lat' dir='ltr'>neglegentia</span> <span class='ocrx_word' id='word_1_216' title='bbox 512 3193 682 3277; x_wconf 89' lang='lat' dir='ltr'>plerasque</span> <span class='ocrx_word' id='word_1_217' title='bbox 698 3212 809 3258; x_wconf 87' lang='lat' dir='ltr'>causas</span> <span class='ocrx_word' id='word_1_218' title='bbox 825 3199 856 3259; x_wconf 92' lang='lat' dir='ltr'>et</span> <span class='ocrx_word' id='word_1_219' title='bbox 876 3192 1016 3257; x_wconf 83' lang='lat' dir='ltr'>maxime</span> <span class='ocrx_word' id='word_1_220' title='bbox 1038 3192 1181 3277; x_wconf 88' lang='lat' dir='ltr'>privatas</span> <span class='ocrx_word' id='word_1_221' title='bbox 1196 3231 1239 3240; x_wconf 90' lang='lat'><em>-</em></span> <span class='ocrx_word' id='word_1_222' title='bbox 1255 3199 1327 3258; x_wconf 90' lang='lat' dir='ltr'>sunt</span> 
     </span>
     <span class='ocr_line' id='line_1_32' title="bbox 218 3296 1327 3383; baseline -0.005 -17"><span class='ocrx_word' id='word_1_223' title='bbox 218 3317 265 3366; x_wconf 86' lang='lat'>101</span> <span class='ocrx_word' id='word_1_224' title='bbox 286 3297 371 3362; x_wconf 90' lang='lat' dir='ltr'>enim</span> <span class='ocrx_word' id='word_1_225' title='bbox 402 3297 500 3362; x_wconf 91' lang='lat' dir='ltr'>multo</span> <span class='ocrx_word' id='word_1_226' title='bbox 531 3317 628 3383; x_wconf 86' lang='lat' dir='ltr'>saepe</span> <span class='ocrx_word' id='word_1_227' title='bbox 658 3297 856 3363; x_wconf 89' lang='lat' dir='ltr'>obscuriores</span> <span class='ocrx_word' id='word_1_228' title='bbox 886 3296 1094 3361; x_wconf 86' lang='lat' dir='ltr'>-videmus</span> <span class='ocrx_word' id='word_1_229' title='bbox 1123 3296 1236 3361; x_wconf 88' lang='lat' dir='ltr'>amitti.</span> <span class='ocrx_word' id='word_1_230' title='bbox 1283 3298 1327 3360; x_wconf 86' lang='lat' dir='ltr'>ita</span> 
     </span>
     <span class='ocr_line' id='line_1_33' title="bbox 285 3398 1377 3485; baseline -0.004 -18"><span class='ocrx_word' id='word_1_231' title='bbox 285 3422 348 3467; x_wconf 93' lang='lat' dir='ltr'>non</span> <span class='ocrx_word' id='word_1_232' title='bbox 371 3401 460 3483; x_wconf 90' lang='lat' dir='ltr'>nulli,</span> <span class='ocrx_word' id='word_1_233' title='bbox 488 3400 564 3466; x_wconf 91' lang='lat' dir='ltr'>dum</span> <span class='ocrx_word' id='word_1_234' title='bbox 587 3421 717 3485; x_wconf 89' lang='lat' dir='ltr'>operam</span> <span class='ocrx_word' id='word_1_235' title='bbox 740 3420 830 3466; x_wconf 82' lang='lat' dir='ltr'>suam</span> <span class='ocrx_word' id='word_1_236' title='bbox 853 3401 985 3466; x_wconf 86' lang='lat' dir='ltr'>multam</span> <span class='ocrx_word' id='word_1_237' title='bbox 1007 3398 1181 3465; x_wconf 86' lang='lat' dir='ltr'>existimari</span> <span class='ocrx_word' id='word_1_238' title='bbox 1204 3401 1323 3480; x_wconf 89' lang='lat' dir='ltr'>volunt,</span> <span class='ocrx_word' id='word_1_239' title='bbox 1345 3417 1377 3464; x_wconf 85' lang='grc'><strong>30</strong></span> 
     </span>
     <span class='ocr_line' id='line_1_34' title="bbox 285 3504 1324 3586; baseline -0.002 -14"><span class='ocrx_word' id='word_1_240' title='bbox 285 3513 321 3572; x_wconf 88' lang='lat' dir='ltr'>ut</span> <span class='ocrx_word' id='word_1_241' title='bbox 344 3513 410 3572; x_wconf 90' lang='lat' dir='ltr'>toto</span> <span class='ocrx_word' id='word_1_242' title='bbox 433 3507 501 3571; x_wconf 92' lang='lat' dir='ltr'>foro</span> <span class='ocrx_word' id='word_1_243' title='bbox 524 3506 657 3573; x_wconf 87' lang='lat' dir='ltr'>volitare</span> <span class='ocrx_word' id='word_1_244' title='bbox 674 3512 706 3570; x_wconf 91' lang='lat' dir='ltr'>et</span> <span class='ocrx_word' id='word_1_245' title='bbox 728 3525 859 3571; x_wconf 86' lang='lat' dir='ltr'>aoausa</span> <span class='ocrx_word' id='word_1_246' title='bbox 873 3504 915 3570; x_wconf 89' lang='lat' dir='ltr'>ad</span> <span class='ocrx_word' id='word_1_247' title='bbox 931 3525 1060 3570; x_wconf 89' lang='lat' dir='ltr'>causam</span> <span class='ocrx_word' id='word_1_248' title='bbox 1083 3506 1128 3570; x_wconf 90' lang='lat' dir='ltr'>ire</span> <span class='ocrx_word' id='word_1_249' title='bbox 1145 3504 1324 3586; x_wconf 84' lang='lat' dir='ltr'>videantur,</span> 
     </span>
     <span class='ocr_line' id='line_1_35' title="bbox 286 3606 1325 3693; baseline -0.001 -19"><span class='ocrx_word' id='word_1_250' title='bbox 286 3629 399 3676; x_wconf 88' lang='lat' dir='ltr'>causas</span> <span class='ocrx_word' id='word_1_251' title='bbox 419 3610 530 3674; x_wconf 89' lang='lat' dir='ltr'>dicunt</span> <span class='ocrx_word' id='word_1_252' title='bbox 550 3609 738 3692; x_wconf 83' lang='lat' dir='ltr'>incognitas.</span> <span class='ocrx_word' id='word_1_253' title='bbox 766 3609 802 3673; x_wconf 94' lang='lat' dir='ltr'>in</span> <span class='ocrx_word' id='word_1_254' title='bbox 825 3628 886 3691; x_wconf 93' lang='lat' dir='ltr'>quo</span> <span class='ocrx_word' id='word_1_255' title='bbox 909 3614 958 3673; x_wconf 88' lang='lat' dir='ltr'>est</span> <span class='ocrx_word' id='word_1_256' title='bbox 979 3608 1034 3672; x_wconf 87' lang='lat' dir='ltr'>illa</span> <span class='ocrx_word' id='word_1_257' title='bbox 1057 3606 1185 3690; x_wconf 89' lang='lat' dir='ltr'>quidem</span> <span class='ocrx_word' id='word_1_258' title='bbox 1207 3629 1325 3693; x_wconf 85' lang='lat' dir='ltr'>magna</span> 
     </span>
     <span class='ocr_line' id='line_1_36' title="bbox 285 3711 1325 3795; baseline -0.002 -17"><span class='ocrx_word' id='word_1_259' title='bbox 285 3714 418 3779; x_wconf 85' lang='lat' dir='ltr'>offensio</span> <span class='ocrx_word' id='word_1_260' title='bbox 447 3713 499 3778; x_wconf 87' lang='lat' dir='ltr'>vel</span> <span class='ocrx_word' id='word_1_261' title='bbox 529 3713 753 3795; x_wconf 81' lang='lat' dir='ltr'>neglegentiae</span> <span class='ocrx_word' id='word_1_262' title='bbox 782 3712 938 3795; x_wconf 89' lang='lat' dir='ltr'>susceptis</span> <span class='ocrx_word' id='word_1_263' title='bbox 968 3712 1064 3777; x_wconf 90' lang='lat' dir='ltr'>rebus</span> <span class='ocrx_word' id='word_1_264' title='bbox 1086 3712 1139 3776; x_wconf 85' lang='lat' dir='ltr'>vel</span> <span class='ocrx_word' id='word_1_265' title='bbox 1170 3711 1325 3795; x_wconf 87' lang='lat' dir='ltr'>perfidiae</span> 
     </span>
     <span class='ocr_line' id='line_1_37' title="bbox 285 3813 1325 3900; baseline 0 -20"><span class='ocrx_word' id='word_1_266' title='bbox 285 3817 435 3900; x_wconf 76' lang='lat' dir='ltr'>receptis3</span> <span class='ocrx_word' id='word_1_267' title='bbox 474 3814 532 3880; x_wconf 90' lang='lat' dir='ltr'>sed</span> <span class='ocrx_word' id='word_1_268' title='bbox 566 3816 662 3879; x_wconf 86' lang='lat' dir='ltr'>ctiam</span> <span class='ocrx_word' id='word_1_269' title='bbox 696 3815 751 3878; x_wconf 89' lang='lat' dir='ltr'>illa</span> <span class='ocrx_word' id='word_1_270' title='bbox 784 3815 883 3879; x_wconf 89' lang='lat' dir='ltr'>maior</span> <span class='ocrx_word' id='word_1_271' title='bbox 916 3814 1078 3897; x_wconf 82' lang='lat' dir='ltr'>opinione,</span> <span class='ocrx_word' id='word_1_272' title='bbox 1114 3813 1199 3896; x_wconf 89' lang='lat' dir='ltr'>quod</span> <span class='ocrx_word' id='word_1_273' title='bbox 1233 3835 1325 3880; x_wconf 91' lang='lat' dir='ltr'>nemo</span> 
     </span>
    </p>
   </div>
   <div class='ocr_carea' id='block_1_6' title="bbox 0 0 1422 4110">
    <p class='ocr_par' dir='ltr' id='par_1_7' title="bbox 0 0 1422 4110">
     <span class='ocr_line' id='line_1_38' title="bbox 0 0 1422 4110; baseline 0 0"><span class='ocrx_word' id='word_1_274' title='bbox 0 0 1422 4110; x_wconf 95' lang='lat' dir='ltr'> </span> 
     </span>
    </p>
   </div>
  </div>
 </body>
</html>
