2866 4110
584 190 696 243 LIBER
714 191 736 244 1.
772 189 855 244 oAP.
871 195 910 247 18.
947 196 961 256 ἓ
979 195 1090 248 80-84.

398 333 438 369 s-
641 362 647 377 .
715 355 725 380 <
906 365 913 378 .
941 359 961 382 .‚
990 365 996 379 .
1067 365 1074 379 .
1116 357 1135 382 a.

398 363 504 440 [lum
531 364 688 429 Antonius
726 365 844 446 probas,
872 363 958 451 mrhr¹
987 372 1090 447 mqurt
1127 372 1202 446 ista,
1233 367 1346 448 Crasse,
1408 389 1409 446 ἦ

291 467 401 548 {quae
421 465 510 548 diois,
527 486 586 531 nee
608 465 718 532 dubito
741 467 817 548 quin
840 468 937 532 multo
960 468 1144 552 locupletior
1165 469 1198 532 in
1222 468 1348 534 dicendo
1408 465 1409 486 ¹

317 569 440 635 futurus
457 569 507 650 sit,
524 569 549 634 si
566 570 636 650 quis
659 569 798 634 omnium
821 590 924 634 rerum
947 577 1043 653 atque
1065 572 1180 636 artium
1202 572 1349 636 rationem

266 689 297 737 81
318 660 527 754 naturamque
546 672 828 756 comprehenderit.
864 673 921 738 sed
942 675 1078 758 primum
1101 674 1134 738 id
1156 673 1285 740 difficile
1306 682 1351 741 est
1386 665 1389 671 ¹

317 775 414 866 laetu,
438 776 623 858 praesertim
650 775 683 839 in
710 774 771 840 hae
798 782 906 841 nostra
929 776 995 840 vita
1020 778 1199 859 nostrisque
1227 792 1384 862 oooupa-s

200 929 204 939 ,
258 950 277 958 ,Ι
317 879 473 963 tionibus3
498 877 614 942 deindo
636 877 715 942 illud
738 879 834 942 etiam
858 879 1032 944 verendum
1056 886 1113 962 est,
1133 901 1175 945 ne
1196 881 1352 946 abstraha-

318 1002 388 1046 mur
410 981 451 1045 ab
474 980 535 1046 hao
558 980 785 1046 exercitatione
808 987 840 1046 et
864 982 1091 1048 consuetudine
1114 983 1243 1048 dicendi
1261 1006 1352 1069 popu·

317 1084 375 1149 lari
392 1084 565 1149 ellorensi.
589 1084 677 1149 aliud
692 1084 777 1150 enim
799 1085 878 1149 mibi
901 1085 1059 1167 quoddam
1083 1087 1233 1152 orationis
1255 1108 1353 1172 genus

319 1207 388 1252 esse
418 1186 546 1252 videtur
576 1206 682 1251 eorum
712 1187 875 1252 hominnm
899 1187 938 1252 de
962 1189 1076 1270 quibus
1099 1190 1194 1272 paulo
1216 1196 1290 1274 ante
1312 1190 1354 1255 di-

318 1291 403 1372 xisti,
428 1292 573 1372 quamvis
600 1291 645 1354 illi
673 1298 783 1356 ornate
811 1298 843 1356 et
870 1292 1010 1376 graviter
1036 1299 1091 1357 aut
1114 1291 1154 1357 de
1177 1300 1289 1358 natura
1311 1315 1354 1358 re·
1376 1306 1404 1353 ro

317 1414 387 1458 rum
409 1401 465 1458 ant
488 1394 527 1458 de
550 1393 697 1458 humanis
719 1395 814 1460 rebus
835 1396 1019 1478 loquantur:
1042 1395 1178 1461 nitidum
1199 1395 1356 1478 quoddam

317 1517 419 1580 genus
447 1503 494 1588 est¹
521 1497 690 1562 verborum
718 1503 750 1562 et
776 1498 905 1580 laetum,
934 1503 965 1563 et
994 1498 1171 1583 palaestrae
1201 1501 1302 1584 magis
1326 1508 1357 1566 et

267 1616 299 1664 82
319 1600 380 1676 olei
403 1619 497 1680 quam
520 1599 614 1664 buius
637 1599 738 1664 civilis
761 1601 873 1666 turbae
896 1621 935 1666 ao
957 1600 1025 1666 fori.
1061 1622 1198 1684 namque
1221 1610 1356 1687 egomet,

244 1704 246 1708 ’
318 1703 372 1785 qui
403 1723 472 1768 sero
502 1722 540 1766 ao
569 1703 682 1768 leviter
711 1704 849 1770 Graecas
878 1705 999 1770 litteras
1028 1706 1218 1790 attigissem,
1249 1713 1357 1772 tamen

318 1827 389 1870 oum
411 1827 469 1890 pro
492 1807 620 1872 oonsule
642 1807 675 1871 in
693 1807 835 1872 Oilioiam
858 1808 1061 1893 proficiscens
1084 1808 1242 1873 venissem
1263 1809 1359 1874 Athe·
1381 1823 1409 1870 ro

317 1930 385 1990 nas,
403 1910 571 1994 eompluris
591 1915 657 1975 tum
680 1909 725 1974 ibi
749 1910 817 1975 dies
840 1931 909 1976 sum
931 1917 1058 1995 proptor
1080 1910 1254 1995 navigandi
1278 1911 1359 1976 dilli-

319 2013 467 2077 oultatem
491 2020 718 2097 commoratus3
741 2013 808 2095 sed,
826 2034 897 2078 oum
921 2013 1035 2078 ootidie
1058 2034 1183 2078 meeum
1204 2013 1361 2080 haberem

317 2115 462 2181 homines
477 2115 685 2198 doctissimos,
703 2137 757 2181 eos
772 2117 839 2182 fere
854 2116 940 2200 ipsos
956 2117 1009 2198 qui
1032 2117 1089 2181 abs
1112 2123 1144 2180 te
1167 2117 1260 2182 modo
1284 2125 1362 2183 sunt

318 2219 482 2298 nominati,
514 2239 586 2283 oum
615 2219 676 2285 hoo
706 2220 812 2284 nes'oio
844 2239 905 2300 quo
935 2217 1028 2282 modo
1058 2217 1145 2300 apud
1175 2238 1228 2282 eos
1258 2219 1362 2287 inore·

316 2321 462 2402 bruisset,
482 2341 534 2385 me
556 2322 590 2387 in
614 2323 717 2386 causis
739 2320 910 2384 maioribus
933 2319 1025 2383 siouti
1048 2325 1079 2384 te
1103 2320 1202 2384 solere
1225 2325 1361 2405 versari,
1383 2337 1409 2384 nu

284 2501 287 2508 Ι
316 2444 373 2507 pro
396 2443 430 2488 se
454 2424 586 2505 quisque
610 2444 691 2505 quae
713 2429 836 2507 poterat
858 2421 899 2485 de
922 2419 1026 2486 offioio
1050 2429 1081 2485 et
1097 2421 1137 2486 de
1152 2422 1275 2488 ratione
1292 2447 1362 2491 ora-

265 2544 297 2592 83
317 2526 393 2591 toris
416 2525 607 2610 disputabat.
639 2527 751 2590 horum
772 2524 836 2604 alii,
853 2525 945 2589 siouti
966 2524 1027 2590 iste
1049 2525 1117 2610 ipse
1140 2525 1363 2610 Mnesarchus

319 2629 376 2695 hos
399 2649 478 2711 qnos
499 2649 557 2694 nos
580 2635 719 2693 oratores
742 2647 925 2692 vocaremus
948 2627 1028 2692 nihil
1051 2648 1121 2694 osse
1145 2628 1272 2695 dioebat
1296 2632 1365 2696 nisi

318 2731 471 2815 quosdam
495 2732 654 2815 operarios
676 2731 785 2814 lingua
808 2731 902 2796 eeleri
925 2738 956 2795 et
979 2733 1170 2817 exercitata5
1201 2738 1366 2798 oratorem

316 2842 432 2916 autem,
449 2834 511 2900 nisi
534 2835 588 2918 qui
611 2834 738 2918 sapiens
761 2839 853 2915 esset,
870 2853 940 2900 esse
955 2836 1124 2917 neminem,
1141 2841 1236 2917 atque
1251 2834 1367 2920 ipsam
1387 2851 1409 2898 a

318 2940 540 3021 eloquentiam,
568 2937 653 3020 quod
683 2957 724 3002 ex
753 2937 835 3002 bene
866 2935 994 3003 dicendi
1024 2938 1157 3004 seientia
1187 2945 1367 3023 constaret,

318 3062 415 3107 unam
446 3041 605 3124 quandam
636 3060 706 3105 esse
736 3040 899 3123 virtutem,
931 3048 962 3106 et
992 3042 1046 3123 qui
1078 3061 1175 3106 unam
1206 3041 1369 3108 virtutem

318 3145 450 3210 haberet
477 3146 579 3210 omnis
606 3143 724 3209 habere
752 3164 869 3226 easque
897 3165 966 3210 esse
993 3145 1076 3210 inter
1102 3165 1136 3211 se
1159 3145 1306 3226 aequalis
1334 3154 1370 3211 et

317 3249 419 3334 paris;
443 3249 497 3330 ita,
515 3247 568 3331 qui
587 3253 671 3313 esset
691 3247 851 3331 eloquens,
868 3269 940 3313 eum
956 3249 1088 3314 virtutes
1107 3267 1218 3314 omnes
1236 3247 1370 3315 babere

317 3357 413 3435 atque
441 3372 512 3417 esse
539 3351 724 3436 sapientem.
770 3350 828 3416 sed
854 3350 934 3416 haee
957 3358 1023 3416 erat
1046 3351 1175 3434 spinosa
1197 3351 1371 3433 quaedam
1390 3367 1409 3414 a

316 3463 348 3520 et
370 3456 463 3522 exilis
485 3455 583 3521 oratio
605 3457 762 3539 longeque
785 3456 826 3519 ab
849 3454 964 3520 nostris
986 3454 1131 3519 sensibus
1153 3453 1371 3548 abhorrebat³

265 3575 299 3624 se
318 3558 514 3625 Charmadas
539 3579 615 3625 vero
642 3559 741 3625 multo
769 3557 897 3623 uberius
924 3554 1044 3622 eisdem
1071 3555 1111 3621 de
1134 3558 1229 3622 rebus
1251 3557 1371 3640 loque-

315 3663 418 3746 batur,
442 3683 506 3728 non
537 3684 597 3747 quo
627 3664 764 3749 aperiret
795 3660 984 3727 sententiam
1011 3679 1101 3724 suam
1123 3658 1241 3724 -hio
1269 3661 1371 3726 enim

316 3789 384 3834 mos
414 3772 481 3832 erat
507 3768 628 3852 patrius
649 3766 853 3845 Academiae,
876 3762 1037 3830 adversari
1060 3782 1184 3846 semper
1207 3763 1371 3831 omnibus
