2834 4110
322 199 383 264 140
525 217 637 271 LIBER
656 217 692 272 Il.
723 217 805 271 CAP.
820 220 930 273 64-65.
961 221 976 282 ἓ
994 219 1141 274 258-262.

248 402 298 452 259
318 389 480 455 ducantur.
527 396 575 456 est
609 391 704 455 etiam
738 390 771 454 in
805 391 902 456 verbo
936 391 1074 474 positum
1108 412 1172 456 non
1194 389 1364 455 'insulsum
1404 371 1405 390 ¹

317 513 420 576 genus
443 513 483 558 ex
507 513 553 574 eo,
578 513 648 557 cum
671 492 879 574 adverbum,
902 515 966 559 non
990 492 1032 558 ad
1060 494 1258 573 sententiam,
1283 512 1364 556 rem

317 596 462 681 accipere
484 596 623 662 videare.
670 617 711 662 ex
735 617 796 680 quo
826 618 889 662 uno
911 617 1030 682 genere
1060 604 1145 663 totus
1175 604 1222 664 est
1247 597 1363 677 Tutor,

318 700 433 765 mimus
448 705 549 780 vetus,
573 699 689 783 oppido
712 700 871 765 ridiculus.
911 700 968 766 sed
990 700 1071 766 abeo
1094 721 1115 765 a
1137 701 1257 784 mimis,
1286 707 1365 763 tan-

318 809 384 867 tum
407 822 509 886 genus
531 802 624 868 huius
647 802 770 868 ridiculi
793 803 911 887 insigni
933 804 1040 886 aliqua
1056 810 1088 868 et
1103 811 1179 868 nota
1198 824 1231 868 re
1253 803 1364 868 notari
1385 815 1405 860 5*

317 907 398 973 volo.
438 913 486 971 est
509 912 615 970 autem
639 927 681 971 ex
710 905 770 971 hoc
792 927 910 990 genere
940 906 1027 988 illud,
1059 906 1143 989 quod
1164 914 1209 989 tu,
1233 908 1364 987 Crasse,

316 1021 419 1092 nuper
442 1010 471 1074 ei
494 1009 547 1092 qui
570 1015 601 1074 te
622 1015 766 1093 rogasset
788 1030 864 1074 num
880 1011 939 1074 tibi
954 1011 1103 1076 molestus
1125 1017 1209 1076 esset
1223 1010 1364 1090 iuturus,
1404 1045 1405 1062 .

318 1111 345 1176 si
367 1111 409 1175 ad
433 1117 463 1175 te
493 1113 576 1176 benc
605 1119 680 1176 ante
709 1112 812 1177 lucem
842 1113 999 1178 venisset:
1031 1106 1075 1178 ‘tu
1105 1107 1192 1179 verc'
1225 1113 1365 1196 inquisti

319 1208 479 1280 ‘molestus
502 1235 566 1280 non
589 1212 671 1280 eris'
695 1207 830 1280 ‘iubebis
852 1215 948 1300 igitur
970 1212 1014 1281 te'
1036 1217 1139 1299 inquit
1162 1209 1319 1282 ‘suscitari
1330 1217 1361 1282 ’θ’

249 1333 300 1382 260
319 1324 350 1382 et
373 1324 407 1382 tu
430 1311 526 1383 ‘certe
548 1337 700 1403 negaram
724 1324 756 1383 te
778 1320 946 1385 molestum
976 1316 1137 1384 futurum.²
1183 1341 1224 1386 ex
1248 1320 1367 1386 eodem
1389 1303 1405 1376 ll

317 1421 377 1486 hoc
399 1428 491 1486 vetus
514 1421 591 1486 illud
614 1429 672 1503 est,
696 1421 781 1505 quod
803 1423 893 1487 aiunt
916 1423 1169 1508 Maluginensem
1189 1424 1277 1489 illum
1295 1423 1365 1513 [Ml

320 1525 510 1609 Scipionem,
541 1545 610 1590 cum
644 1546 685 1590 ex
708 1527 850 1590 centuria
880 1547 938 1591 sua
967 1528 1163 1593 renuntiaret
1190 1528 1367 1593 Acidinum

244 1651 245 1656 ¹
319 1630 480 1694 consulem
503 1649 681 1714 praecoque
705 1628 840 1694 dixisset
861 1623 924 1694 ‘dic
954 1630 994 1695 de
1017 1631 1052 1694 L.
1069 1631 1187 1697 Manlio
1197 1628 1218 1696 ε’
1250 1633 1367 1698 ‘virum

320 1730 450 1800 bonum'
472 1735 576 1817 inquit
605 1727 843 1818 ‘egregiumque
873 1734 975 1799 civem
999 1755 1069 1800 esse
1099 1732 1257 1803 arbitror'
1290 1737 1368 1802 ridi-

319 1839 388 1903 cule
412 1839 507 1903 etiam
531 1838 607 1902 illud
630 1839 665 1902 L.
685 1836 835 1926 [Porcius]
859 1840 979 1904 Nasica
1001 1841 1124 1906 censori
1140 1841 1272 1926 Catoni3
1290 1862 1366 1906 cum
1388 1827 1405 1906 ll

317 1944 370 2008 ille
392 1936 444 2007 ‘ex
468 1943 513 2007 tui
536 1943 633 2008 animi
656 1943 814 2008 sententia
836 1950 870 2008 tu
893 1965 1025 2009 uxorem
1040 1943 1141 2010 habes
1150 1941 1178 2009 ?’
1199 1939 1276 2011 ‘non
1292 1946 1367 2011 lter

321 2043 400 2112 oule'
423 2047 525 2129 inquit
548 2039 600 2110 ‘ex
623 2047 686 2111 mei
708 2047 806 2111 animi
830 2043 1009 2112 sententia.³
1054 2046 1134 2112 hacc
1164 2055 1221 2112 aut
1243 2049 1365 2134 frigida

321 2158 394 2217 sunt
416 2158 471 2216 aut
494 2156 559 2216 tum
583 2151 676 2232 salsa,
701 2170 773 2214 curn
795 2149 882 2214 aliud
911 2157 959 2216 est
986 2157 1198 2235 expectatum.
1247 2160 1364 2218 natura

319 2256 404 2320 cuim
427 2275 494 2335 nos,
517 2262 552 2319 ut
574 2261 649 2320 ante
673 2253 750 2336 dixi,
781 2260 888 2319 noster
915 2253 1052 2320 delectat
1083 2275 1184 2339 error,
1220 2277 1262 2321 ex
1291 2279 1365 2340 quo,

249 2335 299 2454 dd
320 2380 392 2424 eum
422 2359 512 2443 quasi
542 2358 667 2443 decepti
702 2379 809 2424 sumus
843 2359 1081 2443 expectatione,
1120 2359 1272 2428 ridemus.
1331 2364 1363 2427 in
1383 2371 1405 2432 al

321 2463 426 2527 verbis
456 2463 551 2526 etiam
581 2462 635 2527 illa
658 2469 741 2544 sunt,
774 2483 854 2545 quae
884 2469 951 2527 aut·
967 2483 1008 2527 ex
1031 2462 1198 2527 immutata
1221 2465 1366 2532 oratione

320 2566 479 2630 ducuntur
500 2571 556 2629 aut
578 2585 619 2630 ex
641 2565 735 2630 unius
767 2565 856 2630 verbi
879 2566 1084 2632 translatione
1114 2572 1170 2630 aut
1193 2587 1235 2631 ex
1263 2569 1366 2634 inver-

320 2671 408 2735 sione
431 2670 609 2733 verborum.
656 2687 697 2733 ex
726 2669 956 2750 immutatione,
986 2675 1022 2733 ut
1052 2669 1126 2734 olim
1153 2671 1261 2735 Rusca
1292 2693 1366 2738 cum

319 2775 424 2856 legem
447 2773 543 2838 ferret
564 2774 723 2862 annalem,
754 2772 914 2838 dissuasor
936 2773 976 2836 Μ.
999 2773 1150 2839 Servilius
1180 2767 1245 2840 ‘dic
1275 2773 1366 2842 mihi’

320 2879 422 2960 inquit
444 2871 495 2942 (Μ.
512 2878 637 2942 Pinari:
661 2898 746 2958 num,
775 2877 802 2942 si
832 2884 941 2942 contra
970 2883 1002 2942 te
1025 2877 1145 2958 dixero,
1177 2878 1257 2943 mihi
1280 2884 1364 2948 male
1382 2891 1405 2948 rt

321 2983 462 3047 dicturus
486 3001 529 3062 es,
553 2988 587 3046 ut
610 2981 723 3047 ceteris
746 2981 850 3046 fecisti
860 2977 887 3045 ‘l’
911 2973 955 3045 ‘ut
977 2988 1152 3046 sementem
1169 2982 1295 3067 feceris,
1320 2988 1366 3053 ita

251 3097 301 3146 262
320 3090 429 3152 metes'
453 3086 564 3168 inquit.
612 3105 653 3150 cx
675 3085 880 3150 translatione
903 3092 1019 3167 autem,
1043 3092 1079 3150 ut
1102 3106 1172 3150 cum
1188 3087 1296 3171 Scipio
1313 3091 1366 3157 ille

320 3191 436 3272 maior,
484 3190 654 3255 Corinthiis
691 3195 829 3254 statuam
866 3188 1088 3273 pollicentibus
1126 3208 1163 3254 eo
1201 3190 1272 3257 loco
1311 3196 1365 3260 ubi

321 3298 454 3362 aliorum
478 3301 584 3361 essent
606 3295 841 3379 imperatorum,
866 3286 1030 3358 ‘turmalis'
1054 3292 1135 3358 dixit
1162 3286 1362 3378 ‘displicere‘.

321 3404 520 3468 invertuntur
542 3405 650 3464 autem
673 3398 781 3479 verba,
805 3404 856 3463 ut:
888 3398 1020 3462 Crassus
1049 3396 1136 3483 apud
1166 3398 1207 3464 M.
1232 3400 1361 3486 Perper·
1378 3414 1405 3464 ro

322 3527 398 3574 nam
420 3505 557 3571 iudicem
587 3524 643 3588 pro
666 3502 827 3567 Aculeone
858 3522 929 3566 cum
959 3500 1088 3584 diceret,
1111 3501 1224 3567 aderat
1255 3514 1364 3574 contra

323 3611 515 3675 Aculeonem
550 3606 736 3672 Gratidiano
770 3606 805 3669 L.
830 3604 940 3670 Aelius
972 3606 1094 3687 Lamia,
1129 3605 1293 3691 deformis,
1331 3620 1364 3678 ut

322 3714 439 3798 nostis,
464 3713 517 3796 qui
548 3731 620 3777 cum
647 3709 862 3793 interpellaret
892 3707 1010 3790 odiose,
1043 3702 1232 3776 ‘audiamus’
1263 3713 1364 3798 inquit

322 3809 524 3900 ‘pulchellum
546 3810 690 3901 puerum'
714 3814 856 3880 Crassus.
903 3833 974 3877 cum
997 3820 1081 3879 esset
1110 3813 1261 3899 adrisum,
1291 3811 1363 3888 ‘non
