2834 4110
300 213 414 267 uranu
431 215 467 268 u.
504 213 712 272 cneco-oe.
739 201 761 280 's
779 217 925 272 arr-nso.
1070 201 1132 264 145

110 391 137 448 et
156 382 258 452 lana?'
302 380 376 452 ‘non
399 383 462 472 pol'
484 389 586 469 inquit
609 381 732 469 taudeo,
756 409 831 454 nam
855 408 905 453 me
928 389 970 454 ad
992 389 1131 454 famosas

111 490 198 554 vetuit
219 497 318 556 mater
339 486 513 556 accedere.³
1163 570 1170 590 .

200 595 288 660 Salsa
310 602 383 660 sunt
407 595 501 658 etiam
524 616 606 677 quae
629 595 750 660 habent
772 595 985 680 suspicionem
1007 595 1132 660 ridiculi
1149 570 1201 692 {7⁹3

106 697 319 763 absconditam.
366 699 482 780 quoin
505 719 623 782 genere
654 706 702 764 est
733 698 810 764 illud
835 699 949 764 Siculi:
982 701 1031 764 eui
1059 719 1131 764 eum

78 798 256 868 elamiliaris
279 803 408 885 quidam
432 812 612 885 quereretur
636 802 720 886 quod
743 804 862 870 diceret
885 825 1017 870 uxorem
1040 824 1131 870 snam

104 907 295 989 suspendisse
326 927 361 972 se
390 907 431 970 de
460 906 531 988 ficu,
556 902 681 973 ‘amabo
704 904 747 972 te'
777 908 879 991 inquit
911 901 964 973 ‘da
986 907 1065 973 mihi
1089 929 1130 974 ex

103 1007 158 1072 ista
178 1012 285 1075 arbore
309 1031 387 1093 quos
411 1029 514 1076 seram
535 1007 696 1076 surculos'
741 1012 775 1077 in
799 1011 910 1076 eodem
937 1032 1055 1097 genere
1083 1017 1131 1078 est

102 1113 178 1192 qnod
201 1115 329 1179 Catulus
362 1114 444 1179 dixit
478 1114 603 1180 cuidam
637 1117 751 1180 oratori
786 1116 885 1180 malo:
921 1118 975 1198 qui
1003 1118 1131 1182 cumin

101 1216 216 1301 epilogo
238 1217 485 1283 misericordiam
508 1240 542 1284 se
565 1220 704 1284 movisse
726 1226 862 1303 putaret,
887 1228 1054 1303 postquam
1078 1220 1131 1285 ad-

64 1329 86 1375 10
101 1319 185 1403 sedit,
207 1322 332 1404 rogavit
358 1321 443 1387 hunc
470 1322 671 1388 videreturne
699 1321 946 1387 misericordiam
975 1311 1151 1390 movisser'

25 1497 29 1506 ¹
100 1415 143 1486 ‘ao
163 1445 311 1508 magnam
335 1423 473 1507 quidem'
495 1427 611 1510 inquit3
636 1419 808 1490 ‘neminem
839 1427 923 1491 enim
953 1433 1030 1512 puto
1062 1447 1131 1493 esse

20 1599 21 1610 2
101 1531 157 1590 tarn
178 1527 300 1608 durum,
325 1529 374 1592 eui
398 1549 460 1594 non
484 1531 583 1594 oratio
607 1536 662 1593 tna
684 1529 865 1594 miseranda
888 1531 957 1596 visa
980 1526 1043 1596 sit'
1080 1549 1131 1595 me
1150 1545 1200 1593 ars

100 1632 217 1712 quidem
240 1633 368 1698 hercule
392 1634 487 1698 etiam
506 1623 565 1699 illa
592 1633 686 1700 valde
709 1641 840 1699 movent
871 1634 1069 1700 stomachosa
1100 1641 1132 1698 et

98 1737 181 1815 quasi
204 1739 386 1802 submorosa
408 1737 541 1802 ridicula
565 1777 605 1784 -
629 1759 692 1802 non
709 1759 780 1802 curn
795 1759 815 1802 a
831 1758 952 1802 moroso
969 1737 1129 1820 dicuntur3

20 1897 21 1904 ,
61 1845 82 1892 15
97 1845 157 1903 turn
180 1841 264 1904 enim
287 1861 350 1904 non
373 1842 429 1922 sal,
454 1841 511 1906 sed
534 1849 648 1907 natura
669 1842 797 1908 ridetur.
845 1841 878 1906 in
902 1862 972 1924 quo,
996 1847 1031 1904 ut
1052 1839 1131 1904 mibi

20 2009 22 2042 ,
97 1942 223 2024 videtur,
246 1945 422 2028 persalsum
444 1945 523 2010 illud
548 1953 596 2011 est
619 1946 705 2030 apud
727 1947 888 2012 Novium:

20 2043 22 2096 r
425 2092 511 2182 ‘quid
534 2102 648 2185 ploras,
672 2099 795 2184 pater‘?'

20 2199 23 2238 '
194 2195 317 2266 ‘mirum
340 2203 372 2266 ni
396 2209 544 2268 cantem?
570 2201 799 2268 condemnatus
824 2199 916 2268 sum.³

96 2355 162 2421 huic
183 2357 293 2441 generi
317 2357 406 2439 quasi
430 2357 620 2422 eontrarium
644 2363 691 2422 est
713 2357 837 2422 ridiculi
860 2377 962 2440 genus
977 2357 1128 2441 patientis

20 2509 21 2554 3
56 2473 80 2522 to
95 2480 128 2523 ao
149 2461 242 2545 lenti;
266 2468 301 2526 ut
324 2481 394 2526 cum
418 2461 497 2526 (lato
520 2479 689 2545 percussus
712 2461 859 2526 essetab
884 2481 921 2526 eo
945 2462 997 2543 qui
1020 2481 1127 2526 arcam

20 2563 22 2656 l
95 2563 220 2645 ferebat,
245 2585 316 2630 cum
338 2565 391 2628 ille
414 2563 533 2628 diceret
557 2558 667 2645 ‘eave'
691 2566 815 2648 rogavit
838 2557 926 2629 ‘num
943 2565 1019 2648 quid
1041 2564 1128 2630 alind

20 2681 21 2742 1
95 2666 183 2732 ferret
206 2675 331 2752 praeter
353 2665 481 2732 arcam.2
527 2675 575 2734 est
603 2668 697 2732 etiam
729 2668 881 2734 stultitiae
912 2671 995 2734 salsa
1023 2688 1127 2751 repre·
1150 2685 1201 2732 nso

20 2779 21 2810 r
94 2769 215 2856 hensio;
239 2772 347 2836 utillo
371 2772 505 2849 Siculus
531 2772 581 2836 cui
604 2777 730 2853 praetor
746 2771 850 2855 Scipio
867 2780 1034 2856 patronum
1058 2793 1127 2836 oau-

96 2895 143 2941 sae
155 2876 253 2941 dabat
264 2875 420 2959 hospitem
433 2896 534 2956 suurn,
552 2876 711 2940 bominem
727 2877 876 2958 nobilem,
890 2877 945 2942 sed
958 2876 1128 2941 admodum

55 2989 80 3037 ‘25
96 2981 226 3062 stultum,
251 2973 390 3063 ‘quaeso‘
413 2980 516 3062 inquit
531 2973 676 3063 praetor,
694 2980 876 3046 adversario
893 3001 963 3045 meo
978 2980 1020 3045 da
1034 2981 1129 3044 istum

95 3093 264 3166 patronum,
292 3083 407 3149 deinde
435 3082 513 3146 mihi
541 3083 700 3146 neminem
728 3079 876 3147 dederis?
921 3090 1049 3148 movent
1076 3083 1130 3147 illa

96 3189 183 3252 etiam
215 3208 296 3270 quae
327 3187 507 3252 coniectura
539 3187 751 3268 explanantur
778 3187 872 3269 longe
908 3187 1001 3250 aliter
1034 3193 1130 3268 atque

20 3357 21 3372 ἶ
96 3299 169 3372 sunt,
194 3290 251 3356 sed
274 3297 366 3356 acute
389 3297 485 3371 atque
509 3289 680 3373 concinne;
709 3297 751 3370 ut,
777 3283 847 3353 eum
877 3291 1013 3354 Scaurus
1040 3308 1128 3351 accu-

20 3389 22 3416 ‘
97 3402 171 3460 saret
198 3395 351 3460 Rutilium
378 3393 528 3474 ambitus,
564 3413 634 3456 curn
668 3394 736 3476 ipse
765 3393 877 3458 consul
907 3396 990 3456 esset
1013 3389 1126 3472 factae,

59 3505 82 3554 30
97 3499 141 3564 ille
162 3481 321 3585 repulsam
344 3499 476 3579 tulisset,
502 3504 533 3561 et
556 3498 589 3562 in
613 3498 680 3563 eins
703 3497 820 3579 tabulis
844 3493 1023 3560 ostenderet
1050 3495 1129 3559 litte-

20 3539 22 3660 1
98 3623 140 3668 ras
161 3606 196 3670 A.
215 3605 251 3668 F.
268 3604 302 3668 P.
320 3605 356 3666 R.
373 3601 469 3684 idque
492 3601 611 3665 diceret
634 3621 704 3666 esse
728 3594 842 3664 ‘actum
867 3596 930 3660 fide
952 3595 987 3658 P.
1008 3593 1130 3678 Rutili,'

98 3705 223 3773 Rutilius
250 3714 356 3772 autem
387 3700 472 3770 ‘ante
503 3704 630 3785 facturn,
662 3711 733 3786 post
766 3696 921 3779 relatum,'
951 3698 986 3762 (1.
1011 3702 1130 3767 Canius

100 3831 186 3895 eques
209 3803 380 3891 Romanus,
412 3831 482 3874 cum
514 3809 597 3874 Rufo
627 3808 762 3885 adesset,
795 3804 953 3870 exclamat
982 3812 1128 3870 neutrum

143 3925 250 3968 Ciceronis
265 3924 291 3964 de
306 3927 388 3963 oratore
404 3921 461 3962 libri.
943 3909 973 3956 10
