2866 4110
415 169 527 223 LIBER
545 169 582 225 II.
619 171 702 226 CAP.
717 175 740 226 1.
776 177 791 236 ᾖ
810 175 885 229 1-2.
1115 159 1157 222 69

113 342 306 424 quibusdam
336 341 456 406 finibus
486 326 586 408 totum
616 345 748 410 oratoris
774 365 889 410 munus
912 346 1157 429 circumdedisti,

114 446 172 512 boc
201 446 333 510 facilius
365 445 457 511 nobis
488 467 630 531 expones
661 468 699 512 ea
728 468 810 531 quae
839 451 898 515 abs
927 457 959 516 te
983 449 1023 516 de
1045 450 1158 516 officiis

115 552 359 636 praeceptisque
382 552 513 618 oratoris
540 552 684 634 quaesita
712 559 800 639 sunt,
830 553 887 619 sed
913 554 1025 638 opinor
1051 571 1158 620 secun-

113 657 188 720 dum
215 655 304 720 hune
332 655 435 739 diem;
467 657 543 721 satis
571 658 656 722 enim
679 659 778 723 multa
799 679 819 723 a
842 659 933 724 nobis
956 659 1051 724 hodie
1073 658 1158 724 dieta

82 766 193 825 esunt.
249 779 337 823 nunc
368 765 401 823 et
430 759 592 841 Scaevola,
624 761 774 843 quoniam
804 762 837 826 in
867 763 1082 828 lusculanum
1111 763 1157 828 ire
1175 775 1227 823 aas

113 864 286 947 constituit,
310 863 441 947 paulum
464 864 650 946 requiescet,
675 864 750 929 dum
776 885 810 931 se
837 867 920 933 calor
949 867 1093 951 frangat;
1126 874 1157 933 et

113 987 169 1032 nos
203 967 281 1052 ipsi,
317 966 468 1048 quoniam
502 967 537 1031 id
567 969 717 1052 temporis
748 976 805 1050 est,
836 970 1012 1038 valetudini
1046 970 1157 1036 demus

113 1067 265 1154 operam.²
312 1071 433 1155 placuit
455 1071 501 1136 sio
524 1072 678 1136 omnibus.
724 1079 791 1137 tum
814 1073 968 1139 Scaevola
991 1067 1090 1140 ‘sane’
1112 1075 1157 1139 in-

115 1175 181 1256 quit
203 1168 334 1240 ‘vellem
357 1193 422 1238 non
445 1175 678 1240 constituissem
700 1176 734 1240 in
756 1177 971 1242 Tusculanum
987 1198 1038 1242 me
1061 1178 1156 1244 hodie

69 1292 97 1339 ro
115 1285 283 1342 venturum
307 1296 379 1342 esse
394 1277 430 1342 L.
447 1277 554 1363 Aelio,
582 1278 717 1344 libenter
732 1280 875 1344 audirem
890 1277 1084 1346 Antonium.
1114 1287 1154 1363 et,

115 1401 185 1445 cum
208 1387 391 1465 exurgeret,
414 1380 507 1446 simul
529 1381 680 1448 adridens
702 1376 816 1465 ‘neque
839 1381 935 1448 enim'
950 1384 1052 1466 inquit
1079 1377 1156 1448 ‘tam

114 1484 190 1549 mihi
223 1485 378 1550 molestus
407 1483 475 1567 fuit,
512 1485 597 1568 quod
626 1485 677 1551 ius
707 1493 848 1564 nostrum
878 1487 971 1553 civile
998 1488 1154 1572 pervellit,

115 1607 208 1670 quam
228 1587 399 1670 iucundus,
424 1588 508 1671 quod
531 1609 566 1655 se
588 1589 622 1654 id
644 1590 767 1656 nescire
791 1590 954 1656 confessus
977 1586 1047 1656 est'

530 1835 739 1846 -——....-.-

190 2013 242 2156 u.
263 2061 419 2156 nunu
447 2063 723 2158 oronuorus
749 2065 818 2157 nu
846 2063 1081 2158 carrona

456 2251 577 2310 LIBER
599 2251 811 2313 SECUNDUS.

217 2421 336 2504 Magna
357 2419 449 2484 nobis
471 2420 587 2504 pueris,
613 2421 731 2498 Quinte
753 2423 860 2506 frater,
884 2423 911 2487 si
938 2422 1090 2489 memoria
1112 2429 1154 2487 te·
1173 2404 1187 2522 ᾖ

72 2537 100 2584 15
117 2541 180 2605 nes,
204 2522 311 2607 opinio
333 2522 394 2588 fuit
416 2524 451 2588 L.
470 2524 619 2596 Crassum
643 2545 706 2590 non
728 2526 800 2610 plus
822 2526 966 2611 attigisse
993 2526 1154 2591 doctrinae

118 2644 210 2706 quam
241 2631 395 2708 quantum
418 2627 520 2711 prima
550 2625 605 2692 illa
627 2628 739 2713 puerili
766 2628 962 2695 institutione
988 2629 1153 2713 potuisset,

117 2727 156 2792 M.
172 2735 278 2794 autem
301 2729 474 2795 Antonium
497 2731 625 2796 omnino
648 2733 750 2797 omnis
778 2733 962 2798 eruditionis
990 2739 1154 2817 expertem

118 2837 211 2914 atque
240 2833 388 2917 ignarum
418 2833 531 2918 fuisse;
563 2840 716 2918 erantque
746 2836 836 2900 multi
866 2837 929 2918 qui,
963 2856 1155 2919 quamquam

119 2955 180 3001 non
202 2937 247 3002 ita
269 2957 304 3003 se
326 2958 393 3003 rem
416 2938 535 3003 habere
558 2938 794 3020 arbitrarentur,
819 2945 935 3020 tamen,
953 2960 1014 3022 quo
1030 2940 1154 3004 facilius

76 3051 104 3099 ao
120 3058 175 3105 nos
195 3041 342 3106 incensos
365 3041 469 3107 studio
500 3040 643 3106 discendi
669 3061 690 3104 a
717 3040 861 3106 doctrina
888 3041 1090 3124 deterrerent,
1121 3042 1156 3105 li-

120 3141 228 3208 benter
249 3144 284 3209 id
307 3143 391 3228 quod
414 3144 484 3210 dixi
507 3143 547 3208 de
570 3143 632 3209 illis
654 3144 830 3210 oratoribus
853 3146 1082 3234 praedicarent,
1109 3154 1153 3226 ut,
1253 3223 1256 3226 ,

122 3245 147 3310 si
166 3246 309 3314 homines
332 3270 397 3314 non
420 3248 536 3314 eruditi
566 3269 720 3313 summam
751 3255 859 3314 essent
887 3249 1089 3333 prudentiam
1111 3256 1155 3313 at-

16 3333 17 3370 *
122 3368 178 3430 que
206 3351 427 3418 incredibilem
458 3352 671 3434 eloquentiam
705 3353 879 3434 consecuti,
914 3352 1018 3416 inanis
1052 3352 1155 3416 omnis

121 3461 221 3520 noster
243 3475 315 3521 esse
337 3456 427 3521 labor
450 3463 483 3521 et
512 3455 643 3521 stultum
673 3455 706 3520 in
728 3455 820 3521 nobis
852 3453 1033 3521 erudiendis
1055 3455 1155 3538 patris

78 3569 105 3617 aa
122 3558 224 3640 nostri,
247 3559 357 3643 optimi
388 3580 427 3624 ac
456 3558 693 3643 prudentissimi
724 3559 794 3640 viri,
822 3557 961 3623 studium
983 3556 1153 3622 videretur.

122 3679 195 3740 quos
223 3668 292 3727 tum
321 3669 356 3726 ut
387 3663 477 3747 pueri
512 3662 650 3727 refutare
685 3661 868 3726 domesticis
897 3659 1031 3723 testibus
1064 3665 1189 3741 patrea

122 3769 151 3826 et
172 3765 206 3830 (l.
227 3765 390 3833 Aculeone
417 3765 594 3850 propinquo
621 3769 727 3828 nostro
756 3768 787 3825 et
810 3763 845 3825 L.
863 3761 1014 3825 Cicerone
1040 3766 1154 3842 patruo
