2834 4110
326 192 438 246 LIBER
456 192 491 246 II.
529 193 612 248 CAP.
625 196 701 250 5-6.
738 200 753 258 ξ
771 197 881 250 20-24.
1076 179 1117 242 75

86 361 187 428 datum
217 365 290 430 est?
332 371 387 429 aut
416 364 559 432 homines
589 368 629 432 ab
660 366 720 433 hoc
748 388 865 452 genere
895 369 1117 453 disputationis

86 467 184 548 alieni,
218 468 272 550 qui
304 488 414 534 omnes
444 469 466 533 ii
496 490 605 536 sumus
634 478 669 536 ut
699 472 767 537 sine
798 472 848 538 his
879 473 991 538 studiis
1018 473 1117 537 vitam

86 571 198 636 nullam
221 591 291 638 esse
316 572 469 638 ducamus
477 569 506 636 ἲ)
528 567 647 639 ‘omnia
668 572 741 640 ista'
764 577 867 658 inquit
890 577 1023 642 Crassus
1046 570 1117 660 ‘ego
1136 597 1167 643 ar

85 675 143 739 alio
164 675 256 741 modo
287 676 484 760 interpretor,
516 677 569 759 qui
592 678 728 763 primum
758 681 949 764 palaestram
979 688 1011 744 et
1033 679 1117 745 sedis

56 783 114 841 set
135 778 272 862 porticus
296 779 392 844 etiam
415 781 510 864 ipsos,
535 782 656 863 Catule,
673 783 812 849 Graecos
835 783 1071 849 exercitationis
1087 790 1118 848 et

84 881 297 948 delectationis
321 903 417 948 eausa
440 883 514 971 [non
541 884 773 974 disputationis]
797 887 959 953 invenisse
974 888 1116 953 arbitror.

84 1007 154 1050 nam
176 993 207 1052 et
229 987 345 1053 saeclis
367 989 474 1053 multis
496 995 571 1053 ante
593 992 762 1074 gymnasia
784 991 916 1056 inventa
930 999 1004 1057 sunt
1024 1012 1118 1074 quam

85 1089 115 1153 in
136 1090 174 1155 iis
195 1090 376 1176 philosophi
397 1093 517 1176 garrire
541 1101 721 1176 coeperunt,
747 1102 778 1160 et
801 1095 861 1159 hoe
881 1095 951 1179 ipso
967 1101 1117 1179 tempore,

86 1211 152 1256 cum
173 1195 279 1259 omnia
301 1196 473 1278 gymnasia
495 1195 674 1280 philosophi
701 1204 841 1278 teneant,
873 1204 981 1263 tamen
1011 1218 1119 1263 eorum

44 1312 69 1359 10
86 1296 238 1364 auditores
261 1298 385 1364 discum
408 1298 518 1364 audire
541 1320 636 1382 quam
660 1300 883 1385 philosophum
905 1302 1041 1367 malunt:
1065 1305 1119 1384 qui

86 1400 173 1466 simul
194 1408 228 1466 ut
250 1402 415 1487 increpuit,
439 1402 473 1468 in
496 1403 602 1468 media
623 1405 764 1470 oratione
787 1405 827 1469 de
850 1405 999 1471 maximis
1025 1405 1119 1472 rebus

86 1511 115 1568 et
135 1507 331 1590 gravissimis
353 1506 568 1592 disputantem
590 1505 814 1594 philosophum
836 1529 946 1575 omnes
962 1510 1120 1575 unctionis

86 1629 176 1675 causa
196 1610 388 1693 relinquunt.
433 1611 479 1676 ita
509 1611 703 1677 levissimam
733 1612 976 1679 delectationem
1002 1613 1120 1697 gravis-

86 1713 189 1795 simae,
211 1721 246 1779 ut
268 1715 330 1799 ipsi
353 1715 468 1796 ferunt,
492 1716 619 1780 utilitati
641 1722 846 1802 anteponunt.
893 1718 989 1783 otium
1013 1723 1119 1781 autem
1139 1740 1172 1788 22

45 1836 70 1882 ιε
87 1817 165 1898 quod
187 1819 267 1884 dicis
291 1839 370 1900 esse,
393 1819 572 1905 adsentior,
602 1841 712 1886 verum
743 1820 799 1885 otii
831 1820 952 1886 fructus
979 1825 1028 1884 est
1055 1840 1120 1884 non

87 1923 238 1988 contentio
268 1924 377 2004 animi,
409 1922 466 1989 sed
495 1925 659 1990 relaxatio.
705 1945 801 2008 saepe
830 1944 871 1989 ex
906 1942 1015 1989 socero
1049 1941 1163 1994 meoo

86 2025 188 2092 audivi
218 2048 291 2092 eum
320 2028 348 2092 is
378 2027 497 2094 diceret
527 2049 671 2094 socerum
702 2049 793 2094 suum
823 2028 965 2094 Laelium
996 2045 1120 2110 semper

87 2129 148 2195 fere
171 2151 242 2196 eum
265 2131 413 2215 Scipione
436 2132 563 2196 solitum
585 2132 730 2196 rusticari
753 2151 871 2214 eosque
892 2129 1121 2196 incredibiliter

87 2254 302 2318 repuerascere
326 2254 396 2300 esse
419 2234 536 2316 solitos,
569 2255 640 2299 cum
662 2255 716 2300 rus
746 2255 787 2300 ex
810 2236 888 2300 urbe
918 2241 1119 2316 tamquame

45 2349 72 2398 co
88 2338 195 2404 vinclis
217 2338 442 2404 evolavissent.
488 2359 552 2403 non
575 2338 677 2402 audeo
700 2331 806 2403 dicere
835 2344 866 2403 te
893 2338 1010 2402 talibus
1033 2337 1119 2418 viris,

87 2440 137 2505 sed
159 2449 267 2507 tamen
297 2443 343 2506 ita
373 2441 451 2508 solet
480 2461 610 2506 narrare
633 2441 797 2522 Scaevola,
837 2440 974 2508 conchas
1004 2461 1059 2506 eos
1089 2447 1121 2506 et

87 2546 244 2612 umbilicos
266 2545 309 2609 ad
325 2545 469 2611 Caietam
491 2551 523 2609 et
545 2544 588 2608 ad
602 2545 795 2609 Laurentum
818 2545 924 2629 legere
952 2563 1120 2610 consuesse

88 2653 116 2710 et
136 2648 178 2713 ad
200 2669 327 2713 omnem
350 2647 448 2712 animi
471 2647 690 2713 remissionem
716 2646 889 2729 ludumque
916 2646 1119 2712 descendere.

88 2751 128 2815 sie
149 2753 233 2817 enim
256 2771 307 2816 res
330 2771 401 2816 sese
423 2751 534 2815 habet:
565 2756 609 2832 ut,
641 2770 735 2832 quem
765 2750 806 2814 ad
835 2750 963 2817 modum
985 2749 1120 2815 volueris
1139 2773 1172 2821 23

45 2864 72 2912 aa
88 2855 226 2922 videmus
249 2854 476 2940 procreationis
491 2860 588 2936 atque
603 2853 749 2918 utilitatis
765 2873 840 2920 suae
857 2874 953 2919 eausa
968 2853 1120 2937 effingere

88 2965 116 3022 et
137 2966 318 3026 construere
341 2958 443 3039 nidos,
467 2957 597 3023 easdem
624 2964 741 3038 autem,
770 2979 842 3023 cum
864 2957 984 3040 aliquid
1011 2958 1121 3022 effece-

87 3063 154 3145 rint,
177 3063 307 3129 levandi
328 3062 447 3127 laboris
470 3062 517 3127 sui
541 3083 637 3128 eausa
658 3061 778 3148 passim
809 3083 847 3127 ac
873 3062 972 3127 libere
1003 3062 1121 3127 solutas

89 3187 177 3250 opere
199 3167 342 3248 volitare,
368 3166 414 3232 sic
436 3166 536 3231 nostri
551 3167 649 3231 animi
665 3165 801 3249 negotiis
824 3165 1003 3231 forensibus
1025 3172 1121 3246 atque

89 3271 204 3335 urbano
227 3290 323 3354 opere
346 3268 466 3334 defessi
488 3270 628 3353 gestiant
653 3290 693 3335 ac
715 3269 848 3334 volitare
872 3269 1001 3352 cupiant
1028 3267 1122 3331 vacui

12 3383 13 3398 ¹
47 3380 74 3430 30
90 3392 159 3438 cura
180 3395 218 3439 ac
240 3374 358 3438 labore.
404 3372 512 3455 itaque
534 3373 613 3438 illud
635 3395 705 3458 ego,
723 3373 806 3455 quod
821 3373 854 3437 in
872 3389 968 3436 eausa
983 3368 1122 3435 Curiana
1140 3392 1174 3438 aa

90 3477 256 3544 Scaevolae
279 3477 358 3558 dixi,
382 3497 447 3542 non
470 3477 537 3544 dixi
562 3498 653 3544 secus
679 3497 718 3542 ac
740 3477 925 3542 sentiebam.
971 3466 1057 3537 ‘nam
1084 3469 1122 3536 si'

89 3580 212 3664 inquam
235 3575 412 3661 ‘Scaevola
435 3581 556 3646 nullum
580 3583 639 3646 erit
661 3586 887 3646 testamentum
901 3580 987 3641 reete
1002 3575 1122 3640 factum

90 3684 146 3750 nisi
168 3685 254 3769 quod
276 3691 311 3749 tu
334 3684 506 3768 scripseris,
537 3705 647 3750 omnes
674 3681 715 3747 ad
743 3688 774 3746 te
798 3683 883 3746 cives
911 3698 982 3742 cum
1005 3678 1123 3743 tabulis

90 3791 259 3870 veniemus,
291 3789 431 3854 omnium
465 3793 656 3853 testamenta
689 3790 723 3848 tu
754 3784 873 3848 scribes
905 3800 996 3845 unus.
1046 3779 1123 3861 quid
