2836 4114
285 219 347 283 162
511 235 624 288 LIBER
636 235 673 288 11.
699 234 781 288 CAP.
794 238 905 292 84-85.
931 235 1104 298 seta-348.

281 410 415 475 virtutes
439 431 503 474 non
527 410 604 493 ipsis
627 416 692 472 tam
716 408 770 490 qui
794 428 849 473 eas
871 407 990 474 habent
1013 429 1107 491 quam
1134 408 1247 493 generi
1274 408 1330 473 ho-

283 513 403 577 minum
446 510 625 578 fructuosae
667 518 826 595 putantur.
881 513 1039 596 sapientia
1073 519 1105 576 et
1139 511 1328 596 magnitudo
1409 491 1410 580 l

283 617 391 697 animi,
425 638 488 699 qua
517 636 628 682 omnes
657 635 708 680 res
739 615 898 680 humanae
928 624 1041 681 tenues
1070 636 1109 680 ao
1139 637 1197 700 pro
1227 616 1328 682 nihilo

284 727 445 804 putantur,
470 727 502 786 et
525 721 557 784 in
581 719 795 802 excogitando
818 719 867 784 vis
890 718 1048 802 quaedam
1069 715 1193 803 ingenii
1210 725 1242 783 et
1257 719 1328 804 ipsa

284 824 465 906 eloquentia
499 823 718 889 admirationis
747 822 845 887 habet
882 843 945 887 non
975 822 1090 903 minus,
1120 822 1362 887 iuounditatis5

285 928 406 1010 minus;
430 928 517 1010 ipsos
541 927 625 991 enim
649 926 752 1009 magis
775 926 922 990 videntur
945 947 1023 1008 quos
1039 925 1207 990 laudamus
1230 947 1326 1008 quam

284 1030 354 1094 illos
376 1029 463 1113 apud
486 1050 564 1111 quos
594 1028 761 1094 laudamus
791 1049 903 1093 ornare
933 1049 970 1094 ae
993 1030 1082 1094 tueri.
1130 1028 1188 1094 sed
1218 1036 1325 1094 tamen

285 1133 319 1196 in
341 1131 502 1197 laudando
524 1131 688 1216 iungenda
710 1138 784 1196 sunt
807 1133 904 1196 etiam
926 1132 1007 1196 haee
1021 1153 1140 1216 genera
1155 1133 1323 1216 virtutum;

284 1235 390 1299 ferunt
408 1236 492 1299 enim
515 1256 608 1300 aures
639 1236 801 1300 hominum
833 1255 903 1300 eum
935 1236 989 1299 illa
1019 1256 1102 1317 quae
1131 1235 1273 1301 iucunda
1296 1243 1325 1300 et

225 1345 466 1462 85grtaatum
491 1338 587 1402 etiam
610 1339 664 1402 illa
687 1358 768 1420 quae
791 1339 948 1404 mirabilia
971 1339 1099 1403 suntin
1123 1339 1240 1404 virtute
1263 1340 1324 1404 lau·
1348 1351 1383 1398 1o

214 1409 265 1529 ado
247 1409 361 1505 bdari.
409 1449 440 1506 et
464 1441 612 1522 queniam
635 1441 830 1524 singularum
853 1441 950 1505 virtut
951 1462 1004 1505 um
1028 1448 1101 1506 sunt
1124 1447 1211 1506 certa
1235 1463 1325 1524 quae-

284 1544 357 1608 dam
381 1541 487 1609 officia
514 1564 552 1609 ae
581 1564 713 1608 munera
742 1552 774 1609 et
796 1564 854 1608 sua
888 1545 1001 1626 cuique
1030 1545 1139 1609 virtuti
1115 1546 1237 1611 tlaus
1260 1567 1326 1630 pro-

282 1649 352 1732 pria
375 1647 518 1728 debetur,
550 1649 608 1712 erit
638 1646 864 1730 explicandum
894 1648 928 1711 in
958 1647 1052 1713 laude
1082 1648 1221 1714 iustitiae
1251 1649 1327 1732 quid

284 1772 355 1817 eum
378 1752 451 1833 lide,
476 1751 552 1834 quid
584 1771 655 1816 eum
686 1751 923 1833 aequabilitate,
953 1751 1030 1833 quid
1054 1772 1124 1815 eum
1148 1752 1217 1817 eius
1240 1752 1326 1818 modi

283 1856 388 1937 aliquo
412 1855 516 1920 officio
538 1855 566 1920 is
589 1855 644 1936 qui
659 1853 840 1919 laudabitur
855 1855 982 1939 feeerit;
1006 1855 1146 1937 itemque
1162 1855 1196 1919 in
1212 1859 1326 1923 oeteris
1349 1870 1382 1916 15

283 1979 334 2023 res
357 1966 468 2042 gestae
491 1958 534 2022 ad
557 1959 708 2040 euiusque
732 1958 857 2022 virtutis
885 1979 987 2042 genus
1011 1966 1042 2023 et
1065 1959 1129 2022 vim
1153 1966 1185 2024 et
1207 1981 1325 2026 nomen

214 2069 265 2118 346
283 2062 619 2128 adcommodabuntur.
643 2062 826 2146 gratissima
838 2068 945 2126 autem
960 2062 1029 2128 laus
1047 2082 1154 2127 eorum
1169 2062 1326 2129 laetorum

283 2165 427 2247 habetur,
459 2186 541 2248 quae
576 2172 724 2250 suseepta
758 2164 905 2230 videntur
934 2186 955 2229 a
988 2165 1064 2230 viris
1095 2166 1229 2231 fortibus
1258 2169 1326 2234 sine

284 2272 493 2335 emolumento
516 2291 554 2334 ae
577 2270 737 2353 praemi03
768 2289 850 2351 quae
881 2290 955 2334 vero
987 2270 1082 2334 etiam
1114 2289 1186 2333 oum
1215 2271 1326 2337 labore

282 2394 321 2437 ao
343 2374 482 2456 periculo
511 2373 661 2456 ipsorum,
693 2372 772 2437 haee
803 2373 923 2438 habent
974 2373 1165 2438 uberrimam
1200 2376 1327 2459 eopiam
1348 2387 1384 2436 20

283 2475 324 2539 ad
346 2475 551 2556 laudandum,
577 2475 660 2557 quod
691 2481 723 2540 et
746 2475 808 2540 diei
832 2477 1032 2542 ornatissime
1062 2483 1195 2562 possunt
1218 2486 1251 2542 et
1274 2499 1317 2542 au

283 2579 343 2643 diri
359 2579 518 2643 facillime.
555 2599 593 2643 ea
609 2579 693 2643 enim
711 2578 848 2661 denique
871 2580 971 2645 virtus
994 2600 1064 2645 esse
1087 2579 1214 2644 videtur
1238 2603 1329 2666 prae-

284 2681 397 2748 stantis
420 2682 490 2762 viri,
515 2701 596 2764 quae
620 2688 668 2747 est
698 2681 858 2748 fructuosa
889 2684 970 2763 aliis,
1001 2684 1063 2766 ipsi
1085 2690 1140 2747 aut
1167 2684 1329 2752 laboriosa

283 2792 339 2850 aut
361 2785 540 2869 periculosa
562 2792 617 2849 aut
640 2793 724 2850 uerte
747 2787 895 2870 gratuita.
934 2807 1053 2869 magna
1069 2787 1165 2851 etiam
1184 2787 1242 2852 illa
1258 2791 1329 2855 laus

284 2896 315 2955 et
337 2888 535 2954 admirabilis
565 2888 666 2953 videri
697 2889 784 2971 solet,
821 2891 930 2955 tulisse
965 2910 1057 2956 oasus
1089 2890 1250 2975 sapienter
1274 2893 1328 2958 ad·
1350 2905 1383 2952 αα

284 3013 402 3074 versos,
434 3013 499 3058 non
528 2993 661 3058 fractum
693 3014 762 3058 esse
795 2993 931 3075 fortuna,
965 2994 1132 3059 retinuisse
1165 2995 1199 3059 in
1230 2999 1329 3063 rebus

214 3107 264 3155 atu
284 3098 405 3182 asperis
427 3096 623 3181 dignitatem.
663 3117 766 3180 neque
789 3104 895 3162 tamen
911 3097 965 3161 illa
988 3117 1051 3162 non
1076 3105 1199 3179 ornant,
1223 3099 1330 3165 habiti

284 3203 429 3283 honores,
465 3201 593 3266 deoreta
627 3201 752 3266 virtutis
787 3202 937 3285 praemia,
971 3221 1023 3266 res
1053 3207 1165 3284 gestae
1199 3202 1330 3271 iudiciis

285 3307 447 3372 hominum
465 3306 703 3388 comprobatae;
728 3305 760 3368 in
779 3305 892 3387 quibus
910 3305 1005 3369 etiam
1022 3304 1206 3369 felicitatem
1222 3307 1329 3391 ipsam

285 3408 414 3475 deorum
438 3409 661 3473 immortalium
684 3407 801 3472 iudieio
829 3408 924 3473 tribui
953 3407 1146 3472 laudationis
1174 3415 1231 3474 est.
1282 3433 1331 3477 su·
1351 3424 1385 3472 30

285 3512 421 3578 mendae
444 3519 550 3576 autem
580 3532 631 3576 res
666 3518 757 3575 erunt
790 3519 845 3575 aut
867 3510 1087 3594 magnitudine
1117 3515 1332 3594 praestabiles

286 3624 341 3678 aut
362 3615 504 3681 novitate
527 3614 648 3698 primae
678 3621 733 3678 aut
755 3635 872 3698 genere
902 3614 972 3697 ipso
995 3615 1189 3699 singulares3
1223 3637 1332 3701 neque

287 3717 371 3782 enim
394 3739 513 3801 parvae
536 3738 640 3799 neque
663 3719 799 3782 usitatae
823 3737 927 3799 neque
950 3717 1095 3801 volgares
1117 3718 1334 3790 admiratione

218 3829 269 3878 348
286 3826 342 3884 aut
365 3823 493 3880 omnino
515 3821 609 3886 laude
633 3821 750 3904 dignae
773 3821 873 3886 videri
897 3821 1006 3886 solent.
1055 3829 1102 3886 est
1129 3824 1226 3888 etiam
1257 3847 1332 3894 oum
