<?xml version="1.0" encoding="UTF-8"?>
<!DOCTYPE html PUBLIC "-//W3C//DTD XHTML 1.0 Transitional//EN"
    "http://www.w3.org/TR/xhtml1/DTD/xhtml1-transitional.dtd">
<html xmlns="http://www.w3.org/1999/xhtml" xml:lang="en" lang="en">
 <head>
  <title>
</title>
<meta http-equiv="Content-Type" content="text/html;charset=utf-8" />
  <meta name='ocr-system' content='tesseract 3.04.00' />
  <meta name='ocr-capabilities' content='ocr_page ocr_carea ocr_par ocr_line ocrx_word'/>
</head>
<body>
  <div class='ocr_page' id='page_1' title='image "./mtulliciceronis21cicegoog_0052.png"; bbox 0 0 2866 4110; ppageno 0'>
   <div class='ocr_carea' id='block_1_1' title="bbox 362 217 1142 294">
    <p class='ocr_par' dir='ltr' id='par_1_1' title="bbox 362 217 1142 294">
     <span class='ocr_line' id='line_1_1' title="bbox 362 217 1142 294; baseline 0.012 -14"><span class='ocrx_word' id='word_1_1' title='bbox 362 228 473 281; x_wconf 80' lang='lat' dir='ltr'>mann</span> <span class='ocrx_word' id='word_1_2' title='bbox 491 229 513 281; x_wconf 90' lang='lat'>1.</span> <span class='ocrx_word' id='word_1_3' title='bbox 544 229 681 284; x_wconf 71' lang='lat' dir='ltr'>onnes.</span> <span class='ocrx_word' id='word_1_4' title='bbox 711 234 890 294; x_wconf 75' lang='lat' dir='ltr'>sue-180.</span> <span class='ocrx_word' id='word_1_5' title='bbox 1100 217 1142 278; x_wconf 84' lang='grc'>43</span> 
     </span>
    </p>
   </div>
   <div class='ocr_carea' id='block_1_2' title="bbox 52 399 1304 2448">
    <p class='ocr_par' dir='ltr' id='par_1_2' title="bbox 96 399 1159 795">
     <span class='ocr_line' id='line_1_2' title="bbox 96 399 1141 484; baseline 0.005 -22"><span class='ocrx_word' id='word_1_6' title='bbox 96 399 268 464; x_wconf 80' lang='lat' dir='ltr'><strong>Marcellos</strong></span> <span class='ocrx_word' id='word_1_7' title='bbox 303 407 335 463; x_wconf 92' lang='lat' dir='ltr'>et</span> <span class='ocrx_word' id='word_1_8' title='bbox 366 399 513 466; x_wconf 81' lang='lat' dir='ltr'>Claudios</span> <span class='ocrx_word' id='word_1_9' title='bbox 543 402 692 484; x_wconf 90' lang='lat' dir='ltr'>patricios</span> <span class='ocrx_word' id='word_1_10' title='bbox 723 403 910 467; x_wconf 88' lang='lat' dir='ltr'>centumviri</span> <span class='ocrx_word' id='word_1_11' title='bbox 945 401 1141 467; x_wconf 89' lang='lat' dir='ltr'>iudicarunt:</span> 
     </span>
     <span class='ocr_line' id='line_1_3' title="bbox 96 501 1159 589; baseline 0.004 -23"><span class='ocrx_word' id='word_1_12' title='bbox 96 523 166 566; x_wconf 90' lang='lat' dir='ltr'>cum</span> <span class='ocrx_word' id='word_1_13' title='bbox 192 501 339 566; x_wconf 80' lang='lat' dir='ltr'>Marcelli</span> <span class='ocrx_word' id='word_1_14' title='bbox 362 504 401 568; x_wconf 93' lang='lat' dir='ltr'>ab</span> <span class='ocrx_word' id='word_1_15' title='bbox 425 504 529 569; x_wconf 88' lang='lat' dir='ltr'>liberti</span> <span class='ocrx_word' id='word_1_16' title='bbox 552 504 616 569; x_wconf 92' lang='lat' dir='ltr'>filio</span> <span class='ocrx_word' id='word_1_17' title='bbox 639 506 746 589; x_wconf 81' lang='lat' dir='ltr'><strong>stirpe,</strong></span> <span class='ocrx_word' id='word_1_18' title='bbox 772 505 894 569; x_wconf 82' lang='lat' dir='ltr'>Claudii</span> <span class='ocrx_word' id='word_1_19' title='bbox 916 505 1041 589; x_wconf 92' lang='lat' dir='ltr'>patricii</span> <span class='ocrx_word' id='word_1_20' title='bbox 1064 506 1159 570; x_wconf 75' lang='lat' dir='ltr'>eius·</span> 
     </span>
     <span class='ocr_line' id='line_1_4' title="bbox 97 605 1141 691; baseline 0.004 -22"><span class='ocrx_word' id='word_1_21' title='bbox 97 605 168 670; x_wconf 91' lang='lat' dir='ltr'>dem</span> <span class='ocrx_word' id='word_1_22' title='bbox 194 606 338 671; x_wconf 92' lang='lat' dir='ltr'>hominis</span> <span class='ocrx_word' id='word_1_23' title='bbox 368 606 574 674; x_wconf 79' lang='lat' dir='ltr'>hereditatem</span> <span class='ocrx_word' id='word_1_24' title='bbox 598 615 694 691; x_wconf 86' lang='lat' dir='ltr'>gente</span> <span class='ocrx_word' id='word_1_25' title='bbox 717 607 759 672; x_wconf 89' lang='lat' dir='ltr'>ad</span> <span class='ocrx_word' id='word_1_26' title='bbox 782 628 816 674; x_wconf 91' lang='lat' dir='ltr'>se</span> <span class='ocrx_word' id='word_1_27' title='bbox 844 607 985 674; x_wconf 81' lang='lat' dir='ltr'>dicerent</span> <span class='ocrx_word' id='word_1_28' title='bbox 1011 606 1141 688; x_wconf 84' lang='lat' dir='ltr'>redisse,</span> 
     </span>
     <span class='ocr_line' id='line_1_5' title="bbox 97 711 1141 795; baseline 0.002 -23"><span class='ocrx_word' id='word_1_29' title='bbox 97 730 204 774; x_wconf 90' lang='lat' dir='ltr'>nonne</span> <span class='ocrx_word' id='word_1_30' title='bbox 229 711 265 773; x_wconf 92' lang='lat' dir='ltr'>in</span> <span class='ocrx_word' id='word_1_31' title='bbox 290 729 330 774; x_wconf 90' lang='lat' dir='ltr'>ea</span> <span class='ocrx_word' id='word_1_32' title='bbox 352 730 447 776; x_wconf 90' lang='lat' dir='ltr'>causa</span> <span class='ocrx_word' id='word_1_33' title='bbox 471 711 530 775; x_wconf 89' lang='lat' dir='ltr'>fuit</span> <span class='ocrx_word' id='word_1_34' title='bbox 555 712 731 776; x_wconf 88' lang='lat' dir='ltr'>oratoribus</span> <span class='ocrx_word' id='word_1_35' title='bbox 754 711 794 775; x_wconf 91' lang='lat' dir='ltr'>de</span> <span class='ocrx_word' id='word_1_36' title='bbox 817 717 881 777; x_wconf 89' lang='lat' dir='ltr'>toto</span> <span class='ocrx_word' id='word_1_37' title='bbox 898 712 1005 795; x_wconf 82' lang='lat' dir='ltr'>stirpis</span> <span class='ocrx_word' id='word_1_38' title='bbox 1021 717 1052 776; x_wconf 92' lang='lat' dir='ltr'>et</span> <span class='ocrx_word' id='word_1_39' title='bbox 1067 731 1141 794; x_wconf 81' lang='lat' dir='ltr'>gen-</span> 
     </span>
    </p>

    <p class='ocr_par' dir='ltr' id='par_1_3' title="bbox 66 812 1304 1311">
     <span class='ocr_line' id='line_1_6' title="bbox 66 812 1304 897; baseline 0.002 -18"><span class='ocrx_word' id='word_1_40' title='bbox 66 814 224 879; x_wconf 74' lang='lat' dir='ltr'>stilitatis</span> <span class='ocrx_word' id='word_1_41' title='bbox 248 814 319 878; x_wconf 91' lang='lat' dir='ltr'>iure</span> <span class='ocrx_word' id='word_1_42' title='bbox 342 812 532 879; x_wconf 77' lang='lat' dir='ltr'>dicendum?</span> <span class='ocrx_word' id='word_1_43' title='bbox 564 814 665 896; x_wconf 81' lang='lat' dir='ltr'>quid?</span> <span class='ocrx_word' id='word_1_44' title='bbox 694 815 779 897; x_wconf 90' lang='lat' dir='ltr'>quod</span> <span class='ocrx_word' id='word_1_45' title='bbox 806 816 881 880; x_wconf 91' lang='lat' dir='ltr'>item</span> <span class='ocrx_word' id='word_1_46' title='bbox 911 817 945 879; x_wconf 94' lang='lat' dir='ltr'>in</span> <span class='ocrx_word' id='word_1_47' title='bbox 972 815 1142 880; x_wconf 87' lang='lat' dir='ltr'>centumvi·</span> <span class='ocrx_word' id='word_1_48' title='bbox 1163 828 1211 876; x_wconf 77' lang='lat'>177</span> <span class='ocrx_word' id='word_1_49' title='bbox 1302 880 1304 882; x_wconf 82' lang='grc'><strong>,</strong></span> 
     </span>
     <span class='ocr_line' id='line_1_7' title="bbox 97 916 1270 1002; baseline 0.003 -23"><span class='ocrx_word' id='word_1_50' title='bbox 97 917 153 980; x_wconf 92' lang='lat' dir='ltr'>rali</span> <span class='ocrx_word' id='word_1_51' title='bbox 177 916 301 981; x_wconf 90' lang='lat' dir='ltr'>iudicio</span> <span class='ocrx_word' id='word_1_52' title='bbox 332 924 484 981; x_wconf 87' lang='lat' dir='ltr'>certatum</span> <span class='ocrx_word' id='word_1_53' title='bbox 515 938 584 983; x_wconf 91' lang='lat' dir='ltr'>esse</span> <span class='ocrx_word' id='word_1_54' title='bbox 614 919 814 1002; x_wconf 90' lang='lat' dir='ltr'>accepimus:</span> <span class='ocrx_word' id='word_1_55' title='bbox 851 939 920 982; x_wconf 89' lang='lat' dir='ltr'>cum</span> <span class='ocrx_word' id='word_1_56' title='bbox 948 921 1081 983; x_wconf 86' lang='lat' dir='ltr'>Romam</span> <span class='ocrx_word' id='word_1_57' title='bbox 1108 920 1141 983; x_wconf 91' lang='lat' dir='ltr'>in</span> <span class='ocrx_word' id='word_1_58' title='bbox 1268 926 1270 930; x_wconf 83' lang='lat'>&#39;</span> 
     </span>
     <span class='ocr_line' id='line_1_8' title="bbox 98 1020 1142 1103; baseline 0.002 -19"><span class='ocrx_word' id='word_1_59' title='bbox 98 1021 230 1084; x_wconf 92' lang='lat' dir='ltr'>exilium</span> <span class='ocrx_word' id='word_1_60' title='bbox 263 1020 412 1101; x_wconf 86' lang='lat' dir='ltr'>venisset,</span> <span class='ocrx_word' id='word_1_61' title='bbox 435 1021 484 1084; x_wconf 92' lang='lat' dir='ltr'>cui</span> <span class='ocrx_word' id='word_1_62' title='bbox 508 1022 627 1086; x_wconf 90' lang='lat' dir='ltr'>Romae</span> <span class='ocrx_word' id='word_1_63' title='bbox 651 1023 781 1086; x_wconf 84' lang='lat' dir='ltr'>exulare</span> <span class='ocrx_word' id='word_1_64' title='bbox 803 1023 853 1087; x_wconf 89' lang='lat' dir='ltr'>ius</span> <span class='ocrx_word' id='word_1_65' title='bbox 877 1029 970 1103; x_wconf 88' lang='lat' dir='ltr'>esset,</span> <span class='ocrx_word' id='word_1_66' title='bbox 994 1024 1020 1088; x_wconf 91' lang='lat' dir='ltr'>si</span> <span class='ocrx_word' id='word_1_67' title='bbox 1043 1043 1078 1088; x_wconf 91' lang='lat' dir='ltr'>se</span> <span class='ocrx_word' id='word_1_68' title='bbox 1100 1022 1142 1087; x_wconf 90' lang='lat' dir='ltr'>ad</span> 
     </span>
     <span class='ocr_line' id='line_1_9' title="bbox 97 1122 1142 1210; baseline 0.003 -23"><span class='ocrx_word' id='word_1_69' title='bbox 97 1125 237 1205; x_wconf 85' lang='lat' dir='ltr'>aliquem</span> <span class='ocrx_word' id='word_1_70' title='bbox 263 1122 354 1204; x_wconf 88' lang='lat' dir='ltr'>quasi</span> <span class='ocrx_word' id='word_1_71' title='bbox 376 1131 542 1210; x_wconf 92' lang='lat' dir='ltr'>patronum</span> <span class='ocrx_word' id='word_1_72' title='bbox 566 1125 803 1209; x_wconf 90' lang='lat' dir='ltr'>applicavisset,</span> <span class='ocrx_word' id='word_1_73' title='bbox 820 1126 1034 1208; x_wconf 85' lang='lat' dir='ltr'>intestatoque</span> <span class='ocrx_word' id='word_1_74' title='bbox 1059 1133 1142 1193; x_wconf 89' lang='lat' dir='ltr'>esset</span> 
     </span>
     <span class='ocr_line' id='line_1_10' title="bbox 98 1228 1142 1311; baseline 0.003 -20"><span class='ocrx_word' id='word_1_75' title='bbox 98 1235 252 1307; x_wconf 88' lang='lat' dir='ltr'>mortuus,</span> <span class='ocrx_word' id='word_1_76' title='bbox 277 1246 383 1292; x_wconf 91' lang='lat' dir='ltr'>nonne</span> <span class='ocrx_word' id='word_1_77' title='bbox 405 1228 438 1291; x_wconf 95' lang='lat' dir='ltr'>in</span> <span class='ocrx_word' id='word_1_78' title='bbox 463 1248 503 1292; x_wconf 89' lang='lat' dir='ltr'>ea</span> <span class='ocrx_word' id='word_1_79' title='bbox 526 1249 622 1293; x_wconf 89' lang='lat' dir='ltr'>causa</span> <span class='ocrx_word' id='word_1_80' title='bbox 644 1229 693 1293; x_wconf 90' lang='lat' dir='ltr'>ius</span> <span class='ocrx_word' id='word_1_81' title='bbox 716 1229 948 1311; x_wconf 88' lang='lat' dir='ltr'>applicationis,</span> <span class='ocrx_word' id='word_1_82' title='bbox 973 1231 1142 1296; x_wconf 89' lang='lat' dir='ltr'>obscurum</span> 
     </span>
    </p>

    <p class='ocr_par' dir='ltr' id='par_1_4' title="bbox 52 1329 1212 1812">
     <span class='ocr_line' id='line_1_11' title="bbox 52 1329 1156 1415; baseline 0.005 -23"><span class='ocrx_word' id='word_1_83' title='bbox 52 1348 79 1394; x_wconf 91' lang='lat'>10</span> <span class='ocrx_word' id='word_1_84' title='bbox 98 1350 174 1394; x_wconf 88' lang='lat' dir='ltr'>sane</span> <span class='ocrx_word' id='word_1_85' title='bbox 191 1337 225 1394; x_wconf 86' lang='lat' dir='ltr'>et</span> <span class='ocrx_word' id='word_1_86' title='bbox 240 1329 394 1412; x_wconf 81' lang='lat' dir='ltr'>ignotum,</span> <span class='ocrx_word' id='word_1_87' title='bbox 411 1330 607 1415; x_wconf 83' lang='lat' dir='ltr'>patefactum</span> <span class='ocrx_word' id='word_1_88' title='bbox 628 1332 662 1395; x_wconf 94' lang='lat' dir='ltr'>in</span> <span class='ocrx_word' id='word_1_89' title='bbox 682 1330 799 1396; x_wconf 91' lang='lat' dir='ltr'>iudicio</span> <span class='ocrx_word' id='word_1_90' title='bbox 822 1339 918 1415; x_wconf 89' lang='lat' dir='ltr'>atque</span> <span class='ocrx_word' id='word_1_91' title='bbox 941 1333 1156 1399; x_wconf 89' lang='lat' dir='ltr'>inlustratum</span> 
     </span>
     <span class='ocr_line' id='line_1_12' title="bbox 98 1433 1212 1520; baseline 0.004 -24"><span class='ocrx_word' id='word_1_92' title='bbox 98 1441 145 1498; x_wconf 87' lang='lat' dir='ltr'>est</span> <span class='ocrx_word' id='word_1_93' title='bbox 167 1455 189 1498; x_wconf 89' lang='lat' dir='ltr'>a</span> <span class='ocrx_word' id='word_1_94' title='bbox 212 1434 372 1518; x_wconf 81' lang='lat' dir='ltr'>patrono?</span> <span class='ocrx_word' id='word_1_95' title='bbox 399 1433 502 1515; x_wconf 81' lang='lat' dir='ltr'>quid?</span> <span class='ocrx_word' id='word_1_96' title='bbox 524 1455 636 1518; x_wconf 89' lang='lat' dir='ltr'>nuper,</span> <span class='ocrx_word' id='word_1_97' title='bbox 666 1455 736 1500; x_wconf 89' lang='lat' dir='ltr'>eum</span> <span class='ocrx_word' id='word_1_98' title='bbox 760 1455 820 1518; x_wconf 82' lang='lat' dir='ltr'>ego</span> <span class='ocrx_word' id='word_1_99' title='bbox 844 1437 877 1501; x_wconf 79' lang='lat' dir='ltr'>d.</span> <span class='ocrx_word' id='word_1_100' title='bbox 901 1437 1003 1520; x_wconf 86' lang='lat' dir='ltr'>Sergii</span> <span class='ocrx_word' id='word_1_101' title='bbox 1027 1437 1142 1502; x_wconf 87' lang='lat' dir='ltr'>Oratae</span> <span class='ocrx_word' id='word_1_102' title='bbox 1162 1449 1212 1496; x_wconf 80' lang='lat'>1⁷8</span> 
     </span>
     <span class='ocr_line' id='line_1_13' title="bbox 99 1536 1142 1624; baseline 0.006 -24"><span class='ocrx_word' id='word_1_103' title='bbox 99 1544 211 1602; x_wconf 89' lang='lat' dir='ltr'>contra</span> <span class='ocrx_word' id='word_1_104' title='bbox 234 1536 320 1600; x_wconf 91' lang='lat' dir='ltr'>hunc</span> <span class='ocrx_word' id='word_1_105' title='bbox 346 1545 487 1602; x_wconf 90' lang='lat' dir='ltr'>nostrum</span> <span class='ocrx_word' id='word_1_106' title='bbox 516 1539 691 1605; x_wconf 83' lang='lat' dir='ltr'>Antonium</span> <span class='ocrx_word' id='word_1_107' title='bbox 720 1538 837 1604; x_wconf 92' lang='lat' dir='ltr'>iudicio</span> <span class='ocrx_word' id='word_1_108' title='bbox 859 1540 983 1624; x_wconf 88' lang='lat' dir='ltr'>privato</span> <span class='ocrx_word' id='word_1_109' title='bbox 1013 1561 1142 1606; x_wconf 89' lang='lat' dir='ltr'>causam</span> 
     </span>
     <span class='ocr_line' id='line_1_14' title="bbox 98 1640 1142 1721; baseline 0.004 -17"><span class='ocrx_word' id='word_1_110' title='bbox 98 1640 316 1721; x_wconf 87' lang='lat' dir='ltr'>defenderem,</span> <span class='ocrx_word' id='word_1_111' title='bbox 340 1661 445 1705; x_wconf 92' lang='lat' dir='ltr'>nonne</span> <span class='ocrx_word' id='word_1_112' title='bbox 468 1641 571 1706; x_wconf 91' lang='lat' dir='ltr'>omnis</span> <span class='ocrx_word' id='word_1_113' title='bbox 598 1651 708 1708; x_wconf 89' lang='lat' dir='ltr'>nostra</span> <span class='ocrx_word' id='word_1_114' title='bbox 735 1643 768 1706; x_wconf 92' lang='lat' dir='ltr'>in</span> <span class='ocrx_word' id='word_1_115' title='bbox 791 1644 858 1707; x_wconf 89' lang='lat' dir='ltr'>iure</span> <span class='ocrx_word' id='word_1_116' title='bbox 886 1650 1013 1709; x_wconf 87' lang='lat' dir='ltr'>versata</span> <span class='ocrx_word' id='word_1_117' title='bbox 1036 1644 1142 1710; x_wconf 88' lang='lat' dir='ltr'>defen-</span> 
     </span>
     <span class='ocr_line' id='line_1_15' title="bbox 99 1744 1142 1812; baseline 0.002 -4"><span class='ocrx_word' id='word_1_118' title='bbox 99 1745 143 1808; x_wconf 88' lang='lat' dir='ltr'>sio</span> <span class='ocrx_word' id='word_1_119' title='bbox 167 1748 338 1810; x_wconf 85' lang='lat' dir='ltr'>est?·cum</span> <span class='ocrx_word' id='word_1_120' title='bbox 361 1744 444 1808; x_wconf 92' lang='lat' dir='ltr'>enim</span> <span class='ocrx_word' id='word_1_121' title='bbox 475 1744 516 1808; x_wconf 90' lang='lat' dir='ltr'>M.</span> <span class='ocrx_word' id='word_1_122' title='bbox 533 1744 652 1809; x_wconf 90' lang='lat' dir='ltr'>Marius</span> <span class='ocrx_word' id='word_1_123' title='bbox 680 1744 885 1811; x_wconf 80' lang='lat' dir='ltr'>Gratidianus</span> <span class='ocrx_word' id='word_1_124' title='bbox 912 1744 1002 1811; x_wconf 91' lang='lat' dir='ltr'>aedis</span> <span class='ocrx_word' id='word_1_125' title='bbox 1026 1747 1142 1812; x_wconf 88' lang='lat' dir='ltr'>Oratae</span> 
     </span>
    </p>

    <p class='ocr_par' dir='ltr' id='par_1_5' title="bbox 53 1845 1234 2344">
     <span class='ocr_line' id='line_1_16' title="bbox 53 1845 1205 1932; baseline 0.005 -24"><span class='ocrx_word' id='word_1_126' title='bbox 53 1865 79 1911; x_wconf 85' lang='lat'>15</span> <span class='ocrx_word' id='word_1_127' title='bbox 98 1845 297 1912; x_wconf 78' lang='lat' dir='ltr'>vendidisset</span> <span class='ocrx_word' id='word_1_128' title='bbox 312 1866 415 1928; x_wconf 90' lang='lat' dir='ltr'>neque</span> <span class='ocrx_word' id='word_1_129' title='bbox 432 1847 551 1912; x_wconf 88' lang='lat' dir='ltr'>servire</span> <span class='ocrx_word' id='word_1_130' title='bbox 567 1850 728 1930; x_wconf 87' lang='lat' dir='ltr'>quandam</span> <span class='ocrx_word' id='word_1_131' title='bbox 745 1870 852 1914; x_wconf 89' lang='lat' dir='ltr'>earum</span> <span class='ocrx_word' id='word_1_132' title='bbox 868 1848 994 1913; x_wconf 90' lang='lat' dir='ltr'>aedium</span> <span class='ocrx_word' id='word_1_133' title='bbox 1019 1857 1141 1932; x_wconf 89' lang='lat' dir='ltr'>partem</span> <span class='ocrx_word' id='word_1_134' title='bbox 1203 1911 1205 1914; x_wconf 84' lang='lat'>.</span> 
     </span>
     <span class='ocr_line' id='line_1_17' title="bbox 98 1949 1141 2034; baseline 0.002 -21"><span class='ocrx_word' id='word_1_135' title='bbox 98 1951 130 2014; x_wconf 91' lang='lat' dir='ltr'>in</span> <span class='ocrx_word' id='word_1_136' title='bbox 153 1949 307 2033; x_wconf 90' lang='lat' dir='ltr'>mancipii</span> <span class='ocrx_word' id='word_1_137' title='bbox 329 1951 400 2033; x_wconf 85' lang='lat' dir='ltr'>lege</span> <span class='ocrx_word' id='word_1_138' title='bbox 423 1950 566 2031; x_wconf 82' lang='lat' dir='ltr'>dixisset,</span> <span class='ocrx_word' id='word_1_139' title='bbox 583 1951 846 2032; x_wconf 87' lang='lat' dir='ltr'>defendebamus,</span> <span class='ocrx_word' id='word_1_140' title='bbox 865 1950 1015 2034; x_wconf 89' lang='lat' dir='ltr'>quicquid</span> <span class='ocrx_word' id='word_1_141' title='bbox 1030 1952 1141 2017; x_wconf 89' lang='lat' dir='ltr'>fuisset</span> 
     </span>
     <span class='ocr_line' id='line_1_18' title="bbox 95 2053 1141 2138; baseline 0.003 -20"><span class='ocrx_word' id='word_1_142' title='bbox 95 2053 291 2120; x_wconf 89' lang='lat' dir='ltr'>incommodi</span> <span class='ocrx_word' id='word_1_143' title='bbox 313 2055 346 2118; x_wconf 92' lang='lat' dir='ltr'>in</span> <span class='ocrx_word' id='word_1_144' title='bbox 367 2054 535 2138; x_wconf 88' lang='lat' dir='ltr'>mancipio,</span> <span class='ocrx_word' id='word_1_145' title='bbox 558 2056 592 2119; x_wconf 91' lang='lat' dir='ltr'>id</span> <span class='ocrx_word' id='word_1_146' title='bbox 616 2056 642 2120; x_wconf 91' lang='lat' dir='ltr'>si</span> <span class='ocrx_word' id='word_1_147' title='bbox 666 2055 813 2120; x_wconf 88' lang='lat' dir='ltr'>venditor</span> <span class='ocrx_word' id='word_1_148' title='bbox 836 2056 947 2121; x_wconf 81' lang='lat' dir='ltr'>scisset</span> <span class='ocrx_word' id='word_1_149' title='bbox 970 2075 1074 2138; x_wconf 89' lang='lat' dir='ltr'>neque</span> <span class='ocrx_word' id='word_1_150' title='bbox 1090 2056 1141 2121; x_wconf 95' lang='lat' dir='ltr'>de-</span> 
     </span>
     <span class='ocr_line' id='line_1_19' title="bbox 101 2157 1234 2242; baseline -0.002 -20"><span class='ocrx_word' id='word_1_151' title='bbox 101 2159 260 2238; x_wconf 88' lang='lat' dir='ltr'>clarasset,</span> <span class='ocrx_word' id='word_1_152' title='bbox 284 2165 446 2240; x_wconf 85' lang='lat' dir='ltr'>praestare</span> <span class='ocrx_word' id='word_1_153' title='bbox 462 2157 588 2224; x_wconf 87' lang='lat' dir='ltr'>debere.</span> <span class='ocrx_word' id='word_1_154' title='bbox 626 2179 689 2240; x_wconf 91' lang='lat' dir='ltr'>quo</span> <span class='ocrx_word' id='word_1_155' title='bbox 705 2159 833 2240; x_wconf 91' lang='lat' dir='ltr'>quidem</span> <span class='ocrx_word' id='word_1_156' title='bbox 856 2160 890 2223; x_wconf 93' lang='lat' dir='ltr'>in</span> <span class='ocrx_word' id='word_1_157' title='bbox 912 2178 1030 2242; x_wconf 87' lang='lat' dir='ltr'>genere</span> <span class='ocrx_word' id='word_1_158' title='bbox 1053 2159 1234 2223; x_wconf 53' lang='lat' dir='ltr'>fami-1791</span> 
     </span>
     <span class='ocr_line' id='line_1_20' title="bbox 100 2261 1142 2344; baseline 0.002 -20"><span class='ocrx_word' id='word_1_159' title='bbox 100 2261 185 2326; x_wconf 89' lang='lat' dir='ltr'>liaris</span> <span class='ocrx_word' id='word_1_160' title='bbox 208 2268 315 2326; x_wconf 86' lang='lat' dir='ltr'>noster</span> <span class='ocrx_word' id='word_1_161' title='bbox 336 2262 377 2325; x_wconf 89' lang='lat' dir='ltr'>M.</span> <span class='ocrx_word' id='word_1_162' title='bbox 395 2261 576 2342; x_wconf 88' lang='lat' dir='ltr'>Buculeius,</span> <span class='ocrx_word' id='word_1_163' title='bbox 601 2261 696 2326; x_wconf 92' lang='lat' dir='ltr'>homo</span> <span class='ocrx_word' id='word_1_164' title='bbox 712 2283 816 2344; x_wconf 91' lang='lat' dir='ltr'>neque</span> <span class='ocrx_word' id='word_1_165' title='bbox 839 2262 1047 2328; x_wconf 89' lang='lat' dir='ltr'>meoiudicio</span> <span class='ocrx_word' id='word_1_166' title='bbox 1071 2264 1142 2328; x_wconf 86' lang='lat' dir='ltr'>stul-</span> 
     </span>
    </p>

    <p class='ocr_par' dir='ltr' id='par_1_6' title="bbox 55 2365 1256 2448">
     <span class='ocr_line' id='line_1_21' title="bbox 55 2365 1256 2448; baseline 0.007 -23"><span class='ocrx_word' id='word_1_167' title='bbox 55 2379 84 2426; x_wconf 78' lang='lat' dir='ltr'>ao</span> <span class='ocrx_word' id='word_1_168' title='bbox 101 2371 150 2429; x_wconf 89' lang='lat' dir='ltr'>tus</span> <span class='ocrx_word' id='word_1_169' title='bbox 165 2372 196 2430; x_wconf 94' lang='lat' dir='ltr'>et</span> <span class='ocrx_word' id='word_1_170' title='bbox 212 2386 269 2431; x_wconf 89' lang='lat' dir='ltr'>suo</span> <span class='ocrx_word' id='word_1_171' title='bbox 285 2365 378 2430; x_wconf 90' lang='lat' dir='ltr'>valde</span> <span class='ocrx_word' id='word_1_172' title='bbox 395 2365 522 2448; x_wconf 89' lang='lat' dir='ltr'>sapiens</span> <span class='ocrx_word' id='word_1_173' title='bbox 538 2373 572 2430; x_wconf 90' lang='lat' dir='ltr'>et</span> <span class='ocrx_word' id='word_1_174' title='bbox 588 2366 630 2429; x_wconf 90' lang='lat' dir='ltr'>ab</span> <span class='ocrx_word' id='word_1_175' title='bbox 646 2366 723 2430; x_wconf 86' lang='lat' dir='ltr'>iuris</span> <span class='ocrx_word' id='word_1_176' title='bbox 747 2366 851 2432; x_wconf 89' lang='lat' dir='ltr'>studio</span> <span class='ocrx_word' id='word_1_177' title='bbox 876 2388 938 2432; x_wconf 92' lang='lat' dir='ltr'>non</span> <span class='ocrx_word' id='word_1_178' title='bbox 960 2367 1142 2448; x_wconf 89' lang='lat' dir='ltr'>abhorrens,</span> <span class='ocrx_word' id='word_1_179' title='bbox 1212 2409 1214 2413; x_wconf 92' lang='lat'><em>-</em></span> <span class='ocrx_word' id='word_1_180' title='bbox 1253 2415 1256 2423; x_wconf 81' lang='lat'>·</span> 
     </span>
    </p>
   </div>
   <div class='ocr_carea' id='block_1_3' title="bbox 11 2466 1144 2552">
    <p class='ocr_par' dir='ltr' id='par_1_7' title="bbox 11 2466 1144 2552">
     <span class='ocr_line' id='line_1_22' title="bbox 11 2466 1144 2552; baseline 0.003 -19"><span class='ocrx_word' id='word_1_181' title='bbox 11 2473 16 2482; x_wconf 93' lang='lat'>&#39;</span> <span class='ocrx_word' id='word_1_182' title='bbox 102 2469 192 2534; x_wconf 89' lang='lat' dir='ltr'>simili</span> <span class='ocrx_word' id='word_1_183' title='bbox 208 2469 242 2532; x_wconf 92' lang='lat' dir='ltr'>in</span> <span class='ocrx_word' id='word_1_184' title='bbox 260 2489 294 2533; x_wconf 93' lang='lat' dir='ltr'>re</span> <span class='ocrx_word' id='word_1_185' title='bbox 316 2468 453 2550; x_wconf 91' lang='lat' dir='ltr'>quodam</span> <span class='ocrx_word' id='word_1_186' title='bbox 473 2466 566 2534; x_wconf 91' lang='lat' dir='ltr'>modo</span> <span class='ocrx_word' id='word_1_187' title='bbox 586 2488 690 2552; x_wconf 90' lang='lat' dir='ltr'>nuper</span> <span class='ocrx_word' id='word_1_188' title='bbox 706 2471 832 2535; x_wconf 85' lang='lat' dir='ltr'>erravit.</span> <span class='ocrx_word' id='word_1_189' title='bbox 864 2491 938 2535; x_wconf 91' lang='lat' dir='ltr'>nam</span> <span class='ocrx_word' id='word_1_190' title='bbox 964 2491 1034 2535; x_wconf 89' lang='lat' dir='ltr'>cum</span> <span class='ocrx_word' id='word_1_191' title='bbox 1054 2472 1144 2536; x_wconf 90' lang='lat' dir='ltr'>aedis</span> 
     </span>
    </p>
   </div>
   <div class='ocr_carea' id='block_1_4' title="bbox 7 2571 1142 2668">
    <p class='ocr_par' dir='ltr' id='par_1_8' title="bbox 7 2571 1142 2668">
     <span class='ocr_line' id='line_1_23' title="bbox 7 2571 1142 2668; baseline 0.008 -31"><span class='ocrx_word' id='word_1_192' title='bbox 7 2635 8 2656; x_wconf 67' lang='lat'>,</span> <span class='ocrx_word' id='word_1_193' title='bbox 101 2575 135 2637; x_wconf 90' lang='lat' dir='ltr'>L.</span> <span class='ocrx_word' id='word_1_194' title='bbox 151 2573 242 2638; x_wconf 88' lang='lat' dir='ltr'>Fufio</span> <span class='ocrx_word' id='word_1_195' title='bbox 274 2571 436 2652; x_wconf 89' lang='lat' dir='ltr'>venderet,</span> <span class='ocrx_word' id='word_1_196' title='bbox 468 2573 500 2636; x_wconf 93' lang='lat' dir='ltr'>in</span> <span class='ocrx_word' id='word_1_197' title='bbox 528 2574 688 2668; x_wconf 88' lang='lat' dir='ltr'>mancipio</span> <span class='ocrx_word' id='word_1_198' title='bbox 717 2573 847 2654; x_wconf 76' lang='lat' dir='ltr'>lumina,</span> <span class='ocrx_word' id='word_1_199' title='bbox 870 2575 916 2639; x_wconf 86' lang='lat' dir='ltr'>uti</span> <span class='ocrx_word' id='word_1_200' title='bbox 939 2581 1006 2638; x_wconf 91' lang='lat' dir='ltr'>tum</span> <span class='ocrx_word' id='word_1_201' title='bbox 1027 2581 1142 2645; x_wconf 66' lang='lat' dir='ltr'>essent,</span> 
     </span>
    </p>
   </div>
   <div class='ocr_carea' id='block_1_5' title="bbox 101 2675 1143 2862">
    <p class='ocr_par' dir='ltr' id='par_1_9' title="bbox 101 2675 1143 2862">
     <span class='ocr_line' id='line_1_24' title="bbox 101 2675 1143 2762; baseline 0.001 -22"><span class='ocrx_word' id='word_1_202' title='bbox 101 2677 145 2740; x_wconf 92' lang='lat' dir='ltr'>ita</span> <span class='ocrx_word' id='word_1_203' title='bbox 159 2675 289 2759; x_wconf 87' lang='lat' dir='ltr'>recepit.</span> <span class='ocrx_word' id='word_1_204' title='bbox 314 2676 422 2740; x_wconf 83' lang='lat' dir='ltr'>Fufius</span> <span class='ocrx_word' id='word_1_205' title='bbox 445 2682 562 2756; x_wconf 91' lang='lat' dir='ltr'>autem,</span> <span class='ocrx_word' id='word_1_206' title='bbox 579 2676 676 2740; x_wconf 93' lang='lat' dir='ltr'>simul</span> <span class='ocrx_word' id='word_1_207' title='bbox 698 2683 797 2758; x_wconf 90' lang='lat' dir='ltr'>atque</span> <span class='ocrx_word' id='word_1_208' title='bbox 812 2678 973 2742; x_wconf 89' lang='lat' dir='ltr'>aedificari</span> <span class='ocrx_word' id='word_1_209' title='bbox 997 2686 1143 2762; x_wconf 89' lang='lat' dir='ltr'>coeptum</span> 
     </span>
     <span class='ocr_line' id='line_1_25' title="bbox 102 2777 1142 2862; baseline 0.002 -20"><span class='ocrx_word' id='word_1_210' title='bbox 102 2780 203 2843; x_wconf 89' lang='lat' dir='ltr'>estin</span> <span class='ocrx_word' id='word_1_211' title='bbox 227 2777 365 2862; x_wconf 88' lang='lat' dir='ltr'>quadam</span> <span class='ocrx_word' id='word_1_212' title='bbox 388 2784 479 2862; x_wconf 88' lang='lat' dir='ltr'>parte</span> <span class='ocrx_word' id='word_1_213' title='bbox 502 2779 598 2860; x_wconf 89' lang='lat' dir='ltr'>urbis,</span> <span class='ocrx_word' id='word_1_214' title='bbox 628 2800 710 2860; x_wconf 91' lang='lat' dir='ltr'>quae</span> <span class='ocrx_word' id='word_1_215' title='bbox 723 2780 828 2847; x_wconf 77' lang='lat' dir='ltr'>&#39;modo</span> <span class='ocrx_word' id='word_1_216' title='bbox 856 2803 896 2846; x_wconf 92' lang='lat' dir='ltr'>ex</span> <span class='ocrx_word' id='word_1_217' title='bbox 920 2781 982 2847; x_wconf 88' lang='lat' dir='ltr'>illis</span> <span class='ocrx_word' id='word_1_218' title='bbox 1008 2784 1142 2848; x_wconf 90' lang='lat' dir='ltr'>aedibus</span> 
     </span>
    </p>
   </div>
   <div class='ocr_carea' id='block_1_6' title="bbox 7 2882 1143 3072">
    <p class='ocr_par' dir='ltr' id='par_1_10' title="bbox 7 2882 1143 3072">
     <span class='ocr_line' id='line_1_26' title="bbox 7 2882 1143 2968; baseline -0.001 -18"><span class='ocrx_word' id='word_1_219' title='bbox 7 2945 8 2950; x_wconf 73' lang='grc'>,</span> <span class='ocrx_word' id='word_1_220' title='bbox 55 2892 84 2939; x_wconf 75' lang='lat'>25</span> <span class='ocrx_word' id='word_1_221' title='bbox 102 2882 238 2966; x_wconf 88' lang='lat' dir='ltr'>conspici</span> <span class='ocrx_word' id='word_1_222' title='bbox 262 2888 377 2965; x_wconf 91' lang='lat' dir='ltr'>posset,</span> <span class='ocrx_word' id='word_1_223' title='bbox 402 2882 468 2966; x_wconf 85' lang='lat' dir='ltr'>egit</span> <span class='ocrx_word' id='word_1_224' title='bbox 484 2882 591 2946; x_wconf 89' lang='lat' dir='ltr'>statim</span> <span class='ocrx_word' id='word_1_225' title='bbox 615 2903 686 2946; x_wconf 91' lang='lat' dir='ltr'>cum</span> <span class='ocrx_word' id='word_1_226' title='bbox 701 2884 864 2964; x_wconf 90' lang='lat' dir='ltr'>Buculeio,</span> <span class='ocrx_word' id='word_1_227' title='bbox 889 2885 984 2968; x_wconf 91' lang='lat' dir='ltr'>quod,</span> <span class='ocrx_word' id='word_1_228' title='bbox 1009 2886 1143 2951; x_wconf 90' lang='lat' dir='ltr'>cuicum-</span> 
     </span>
     <span class='ocr_line' id='line_1_27' title="bbox 7 2985 1140 3072; baseline 0.001 -24"><span class='ocrx_word' id='word_1_229' title='bbox 7 3035 8 3038; x_wconf 20' lang='lat'>,</span> <span class='ocrx_word' id='word_1_230' title='bbox 103 3005 160 3064; x_wconf 87' lang='lat' dir='ltr'>que</span> <span class='ocrx_word' id='word_1_231' title='bbox 190 2985 364 3069; x_wconf 87' lang='lat' dir='ltr'>particulae</span> <span class='ocrx_word' id='word_1_232' title='bbox 396 2985 475 3049; x_wconf 89' lang='lat' dir='ltr'>caeli</span> <span class='ocrx_word' id='word_1_233' title='bbox 506 2985 694 3066; x_wconf 86' lang='lat' dir='ltr'>efficeretur,</span> <span class='ocrx_word' id='word_1_234' title='bbox 728 2989 875 3068; x_wconf 91' lang='lat' dir='ltr'>quamvis</span> <span class='ocrx_word' id='word_1_235' title='bbox 907 2996 992 3054; x_wconf 86' lang='lat' dir='ltr'>esset</span> <span class='ocrx_word' id='word_1_236' title='bbox 1021 2988 1140 3072; x_wconf 90' lang='lat' dir='ltr'>procul,</span> 
     </span>
    </p>
   </div>
   <div class='ocr_carea' id='block_1_7' title="bbox 7 3369 10 3410">
    <p class='ocr_par' dir='ltr' id='par_1_11' title="bbox 7 3369 10 3410">
     <span class='ocr_line' id='line_1_28' title="bbox 7 3369 10 3410; baseline 0 0"><span class='ocrx_word' id='word_1_237' title='bbox 7 3369 10 3410; x_wconf 91' lang='lat' dir='ltr'>l</span> 
     </span>
    </p>
   </div>
   <div class='ocr_carea' id='block_1_8' title="bbox 56 3087 1211 3482">
    <p class='ocr_par' dir='ltr' id='par_1_12' title="bbox 103 3087 1211 3378">
     <span class='ocr_line' id='line_1_29' title="bbox 103 3087 1211 3171; baseline 0.005 -22"><span class='ocrx_word' id='word_1_238' title='bbox 103 3088 212 3152; x_wconf 87' lang='lat' dir='ltr'>mutari</span> <span class='ocrx_word' id='word_1_239' title='bbox 235 3088 356 3152; x_wconf 90' lang='lat' dir='ltr'>lumina</span> <span class='ocrx_word' id='word_1_240' title='bbox 378 3090 520 3171; x_wconf 90' lang='lat' dir='ltr'>putabat.</span> <span class='ocrx_word' id='word_1_241' title='bbox 568 3087 644 3170; x_wconf 92' lang='lat' dir='ltr'>quid</span> <span class='ocrx_word' id='word_1_242' title='bbox 667 3092 766 3156; x_wconf 83' lang='lat' dir='ltr'>vero?</span> <span class='ocrx_word' id='word_1_243' title='bbox 790 3090 965 3156; x_wconf 89' lang='lat' dir='ltr'>clarissima</span> <span class='ocrx_word' id='word_1_244' title='bbox 988 3093 1028 3156; x_wconf 92' lang='lat' dir='ltr'>M&#39;</span> <span class='ocrx_word' id='word_1_245' title='bbox 1055 3091 1141 3158; x_wconf 80' lang='lat' dir='ltr'>Curii</span> <span class='ocrx_word' id='word_1_246' title='bbox 1162 3099 1211 3148; x_wconf 84' lang='lat'>180</span> 
     </span>
     <span class='ocr_line' id='line_1_30' title="bbox 104 3190 1141 3278; baseline 0.008 -26"><span class='ocrx_word' id='word_1_247' title='bbox 104 3209 197 3269; x_wconf 28' lang='lat' dir='ltr'>causa·</span> <span class='ocrx_word' id='word_1_248' title='bbox 225 3190 385 3273; x_wconf 90' lang='lat' dir='ltr'>Marcique</span> <span class='ocrx_word' id='word_1_249' title='bbox 416 3191 549 3275; x_wconf 79' lang='lat' dir='ltr'>Coponii</span> <span class='ocrx_word' id='word_1_250' title='bbox 581 3212 685 3276; x_wconf 88' lang='lat' dir='ltr'>nuper</span> <span class='ocrx_word' id='word_1_251' title='bbox 718 3193 803 3278; x_wconf 92' lang='lat' dir='ltr'>apud</span> <span class='ocrx_word' id='word_1_252' title='bbox 833 3197 1046 3260; x_wconf 87' lang='lat' dir='ltr'>centumviros</span> <span class='ocrx_word' id='word_1_253' title='bbox 1081 3215 1141 3276; x_wconf 90' lang='lat' dir='ltr'>quo</span> 
     </span>
     <span class='ocr_line' id='line_1_31' title="bbox 105 3294 1140 3378; baseline 0.004 -23"><span class='ocrx_word' id='word_1_254' title='bbox 105 3312 252 3360; x_wconf 90' lang='lat' dir='ltr'>concursu</span> <span class='ocrx_word' id='word_1_255' title='bbox 275 3294 447 3374; x_wconf 87' lang='lat' dir='ltr'>hominurn,</span> <span class='ocrx_word' id='word_1_256' title='bbox 472 3315 535 3376; x_wconf 90' lang='lat' dir='ltr'>qua</span> <span class='ocrx_word' id='word_1_257' title='bbox 559 3296 782 3378; x_wconf 83' lang='lat' dir='ltr'>expectatione</span> <span class='ocrx_word' id='word_1_258' title='bbox 806 3295 941 3362; x_wconf 83' lang='lat' dir='ltr'>defensa</span> <span class='ocrx_word' id='word_1_259' title='bbox 965 3297 1033 3362; x_wconf 82' lang='lat' dir='ltr'>est?</span> <span class='ocrx_word' id='word_1_260' title='bbox 1069 3317 1140 3360; x_wconf 91' lang='lat' dir='ltr'>cum</span> 
     </span>
    </p>

    <p class='ocr_par' dir='ltr' id='par_1_13' title="bbox 56 3393 1139 3482">
     <span class='ocr_line' id='line_1_32' title="bbox 56 3393 1139 3482; baseline 0 -20"><span class='ocrx_word' id='word_1_261' title='bbox 56 3403 87 3451; x_wconf 79' lang='lat'>30</span> <span class='ocrx_word' id='word_1_262' title='bbox 105 3393 138 3470; x_wconf 78' lang='lat' dir='ltr'>Q.</span> <span class='ocrx_word' id='word_1_263' title='bbox 155 3397 309 3462; x_wconf 85' lang='lat' dir='ltr'>Scaevola</span> <span class='ocrx_word' id='word_1_264' title='bbox 331 3399 473 3479; x_wconf 89' lang='lat' dir='ltr'>aequalis</span> <span class='ocrx_word' id='word_1_265' title='bbox 500 3403 532 3462; x_wconf 90' lang='lat' dir='ltr'>et</span> <span class='ocrx_word' id='word_1_266' title='bbox 555 3399 687 3482; x_wconf 83' lang='lat' dir='ltr'>conlega</span> <span class='ocrx_word' id='word_1_267' title='bbox 707 3420 806 3478; x_wconf 91' lang='lat' dir='ltr'>meus,</span> <span class='ocrx_word' id='word_1_268' title='bbox 829 3399 923 3464; x_wconf 93' lang='lat' dir='ltr'>homo</span> <span class='ocrx_word' id='word_1_269' title='bbox 947 3398 1087 3464; x_wconf 91' lang='lat' dir='ltr'>omnium</span> <span class='ocrx_word' id='word_1_270' title='bbox 1108 3406 1139 3462; x_wconf 95' lang='lat' dir='ltr'>et</span> 
     </span>
    </p>
   </div>
   <div class='ocr_carea' id='block_1_9' title="bbox 8 3495 1140 3893">
    <p class='ocr_par' dir='ltr' id='par_1_14' title="bbox 8 3495 1140 3893">
     <span class='ocr_line' id='line_1_33' title="bbox 8 3495 1139 3584; baseline 0.003 -23"><span class='ocrx_word' id='word_1_271' title='bbox 8 3543 9 3550; x_wconf 19' lang='grc' dir='ltr'><strong>κ</strong></span> <span class='ocrx_word' id='word_1_272' title='bbox 105 3495 267 3583; x_wconf 90' lang='lat' dir='ltr'>disciplina</span> <span class='ocrx_word' id='word_1_273' title='bbox 293 3500 369 3565; x_wconf 90' lang='lat' dir='ltr'>iuris</span> <span class='ocrx_word' id='word_1_274' title='bbox 398 3501 499 3565; x_wconf 90' lang='lat' dir='ltr'>civilis</span> <span class='ocrx_word' id='word_1_275' title='bbox 527 3501 758 3567; x_wconf 88' lang='lat' dir='ltr'>eruditissimus</span> <span class='ocrx_word' id='word_1_276' title='bbox 786 3509 818 3566; x_wconf 91' lang='lat' dir='ltr'>et</span> <span class='ocrx_word' id='word_1_277' title='bbox 844 3502 975 3584; x_wconf 81' lang='lat' dir='ltr'>ingenio</span> <span class='ocrx_word' id='word_1_278' title='bbox 1004 3499 1139 3583; x_wconf 89' lang='lat' dir='ltr'>pruden-</span> 
     </span>
     <span class='ocr_line' id='line_1_34' title="bbox 105 3601 1140 3684; baseline 0.004 -20"><span class='ocrx_word' id='word_1_279' title='bbox 105 3601 205 3684; x_wconf 89' lang='lat' dir='ltr'>tiaque</span> <span class='ocrx_word' id='word_1_280' title='bbox 238 3605 438 3670; x_wconf 88' lang='lat' dir='ltr'>acutissimus</span> <span class='ocrx_word' id='word_1_281' title='bbox 472 3612 503 3670; x_wconf 90' lang='lat' dir='ltr'>et</span> <span class='ocrx_word' id='word_1_282' title='bbox 539 3606 680 3671; x_wconf 88' lang='lat' dir='ltr'>oratione</span> <span class='ocrx_word' id='word_1_283' title='bbox 711 3605 851 3670; x_wconf 88' lang='lat' dir='ltr'>maxime</span> <span class='ocrx_word' id='word_1_284' title='bbox 881 3603 1009 3667; x_wconf 84' lang='lat' dir='ltr'>limatus</span> <span class='ocrx_word' id='word_1_285' title='bbox 1043 3609 1140 3684; x_wconf 89' lang='lat' dir='ltr'>atque</span> 
     </span>
     <span class='ocr_line' id='line_1_35' title="bbox 107 3705 1140 3790; baseline 0.003 -24"><span class='ocrx_word' id='word_1_286' title='bbox 107 3705 223 3772; x_wconf 87' lang='lat' dir='ltr'>subtilis</span> <span class='ocrx_word' id='word_1_287' title='bbox 245 3713 351 3789; x_wconf 89' lang='lat' dir='ltr'>atque,</span> <span class='ocrx_word' id='word_1_288' title='bbox 375 3714 409 3772; x_wconf 92' lang='lat' dir='ltr'>ut</span> <span class='ocrx_word' id='word_1_289' title='bbox 437 3729 497 3790; x_wconf 86' lang='lat' dir='ltr'>ego</span> <span class='ocrx_word' id='word_1_290' title='bbox 521 3708 605 3774; x_wconf 93' lang='lat' dir='ltr'>soleo</span> <span class='ocrx_word' id='word_1_291' title='bbox 636 3708 751 3787; x_wconf 89' lang='lat' dir='ltr'>dicere,</span> <span class='ocrx_word' id='word_1_292' title='bbox 781 3705 1054 3785; x_wconf 89' lang='lat' dir='ltr'>iurisperitorum</span> <span class='ocrx_word' id='word_1_293' title='bbox 1079 3706 1140 3769; x_wconf 91' lang='lat' dir='ltr'>elo-</span> 
     </span>
     <span class='ocr_line' id='line_1_36' title="bbox 107 3805 1138 3893; baseline -0.001 -23"><span class='ocrx_word' id='word_1_294' title='bbox 107 3809 333 3891; x_wconf 85' lang='lat' dir='ltr'>quentissimus,</span> <span class='ocrx_word' id='word_1_295' title='bbox 362 3811 573 3893; x_wconf 89' lang='lat' dir='ltr'>eloquentium</span> <span class='ocrx_word' id='word_1_296' title='bbox 601 3811 677 3874; x_wconf 89' lang='lat' dir='ltr'>iuris</span> <span class='ocrx_word' id='word_1_297' title='bbox 700 3808 918 3892; x_wconf 87' lang='lat' dir='ltr'>peritissimus,</span> <span class='ocrx_word' id='word_1_298' title='bbox 947 3825 988 3869; x_wconf 86' lang='lat' dir='ltr'>ex</span> <span class='ocrx_word' id='word_1_299' title='bbox 1020 3805 1138 3888; x_wconf 92' lang='lat' dir='ltr'>scripto</span> 
     </span>
    </p>
   </div>
   <div class='ocr_carea' id='block_1_10' title="bbox 0 0 1444 4110">
    <p class='ocr_par' dir='ltr' id='par_1_15' title="bbox 0 0 1444 4110">
     <span class='ocr_line' id='line_1_37' title="bbox 0 0 1444 4110; baseline 0 0"><span class='ocrx_word' id='word_1_300' title='bbox 0 0 1444 4110; x_wconf 95' lang='lat' dir='ltr'> </span> 
     </span>
    </p>
   </div>
  </div>
 </body>
</html>
