2834 4110
302 167 365 232 106
545 185 657 239 11111
676 184 713 238 11.
744 183 883 238 CAR32.
913 185 1092 248 siau-141.

300 360 405 424 versia
428 379 557 424 causam
580 359 666 440 facit,
689 357 876 424 videaturne
900 359 928 423 ei
959 378 1054 440 quem
1081 365 1172 442 pater
1198 363 1340 443 patratus

300 463 466 544 dediderit,
491 464 518 528 si
540 463 568 528 is
590 484 653 528 non
678 463 719 544 sit
741 469 896 547 receptus,
913 463 1141 548 postliminium
1161 483 1242 544 esse,
1261 462 1339 526 nihil

299 567 341 632 ad
363 573 464 632 artem
486 566 615 633 dicendi
638 587 698 631 nec
720 565 762 630 ad
784 573 973 651 argumenta
988 565 1182 632 defensionis
1203 565 1339 631 Mancini

231 688 281 736 138
300 691 414 736 nomen
443 671 590 754 pertinet.
635 691 674 735 ac
704 671 732 736 si
761 670 838 753 quid
867 669 973 734 adfert
1004 676 1170 754 praetcrea
1204 669 1338 737 hominis

300 781 354 840 aut
377 774 516 859 dignitas
538 780 594 840 aut
616 775 800 859 indignitas,
825 780 916 838 extra
939 775 1157 856 quaestionem
1182 781 1276 840 estet
1297 793 1336 838 ea
1360 789 1376 836 5

300 885 407 942 tamen
441 879 512 963 ipsa
541 879 640 944 oratio
674 878 717 942 ad
750 878 890 942 universi
929 878 1055 960 generis
1093 876 1338 962 disputationem

299 981 454 1046 referatur
475 1002 607 1048 neccsse
631 988 686 1047 est.
732 981 812 1046 haec
835 1001 894 1065 ego
917 1001 982 1046 non
997 1001 1034 1047 ec
1059 982 1189 1047 consilio
1206 981 1338 1065 disputo,

302 1091 335 1150 ut
368 1086 513 1152 homines
544 1086 682 1151 eruditos
714 1085 918 1170 redarguam,
952 1105 1144 1167 quamquam
1175 1085 1340 1170 reprehen-
1408 1125 1409 1130 κ

300 1189 397 1255 dendi
421 1196 495 1255 sunt
518 1191 572 1272 qui
593 1190 628 1255 in
649 1210 767 1274 genere
790 1188 970 1254 definiendo
993 1189 1072 1254 istas
1095 1209 1209 1254 causas
1236 1189 1339 1254 discri-

231 1311 281 1358 139
300 1297 381 1360 bunt
407 1296 441 1360 in
467 1295 613 1380 personis
641 1301 673 1360 et
699 1295 732 1358 in
760 1294 956 1377 temporibus
985 1294 1106 1377 positas
1141 1314 1221 1359 esse.
1266 1314 1339 1357 nam
1362 1309 1394 1356 10

301 1400 360 1464 etsi
383 1400 547 1464 incurrunt
568 1404 710 1482 tempora
733 1405 765 1462 et
779 1417 944 1481 personae,
968 1403 1076 1461 tamen
1091 1397 1339 1483 intellegendum

301 1510 435 1569 estnon
458 1523 500 1567 ex
523 1502 572 1582 iis,
596 1501 653 1566 sed
676 1522 717 1566 ex
740 1521 858 1584 genere
881 1501 1075 1582 quaestionis
1098 1501 1239 1585 pendere
1271 1522 1340 1566 cau-

301 1627 362 1672 sas.
409 1606 466 1672 sed
488 1606 548 1670 hoc
570 1605 649 1669 nihil
672 1605 714 1669 ad
728 1627 793 1689 me,
817 1607 937 1669 nullum
961 1605 1046 1669 enim
1070 1607 1163 1671 nobis
1179 1613 1338 1671 certamen
1367 1693 1370 1697 Ι
1408 1669 1409 1678 ,

302 1731 373 1776 curn
397 1711 465 1776 istis
488 1731 557 1775 esse
581 1709 684 1774 debet.
730 1715 853 1774 tantum
876 1711 956 1775 satis
979 1715 1027 1775 est
1049 1711 1203 1795 intellegi,
1220 1732 1261 1776 ne
1281 1710 1341 1775 hoc

301 1814 429 1897 quidem
452 1835 505 1880 eos
536 1822 730 1894 consecutos,
762 1813 845 1897 quod
873 1815 906 1878 in
936 1819 1024 1879 tanto
1053 1815 1116 1879 otio
1144 1815 1241 1878 etiam
1272 1815 1339 1879 sine
1360 1828 1390 1874 15

300 1920 362 1984 hac
391 1919 510 1985 forensi
537 1919 763 1984 exercitatione
790 1917 916 1982 efficere
942 1924 1123 2001 potuerunt,
1155 1925 1190 1984 ut
1224 1939 1342 2002 genera

301 2045 405 2089 rerum
440 2024 655 2090 discernerent
689 2043 790 2104 eaque
824 2021 917 2105 paulo
952 2021 1098 2086 subtilius
1132 2023 1339 2106 explicarent.

234 2144 283 2191 140
301 2149 411 2193 verum
434 2128 503 2210 hoc,
527 2135 561 2192 ut
584 2127 662 2208 dixi,
686 2127 765 2191 nihil
788 2125 830 2190 ad
853 2146 920 2210 me,
944 2125 1022 2190 illud
1044 2125 1086 2190 ad
1109 2147 1160 2191 me
1182 2146 1222 2191 ac
1245 2127 1341 2191 multo

302 2233 398 2296 etiam
431 2233 534 2315 magis
572 2231 614 2295 ad
648 2251 719 2311 vos,
759 2231 850 2295 Cotta
889 2236 996 2295 noster
1034 2235 1066 2295 et
1100 2230 1236 2314 Sulpici:
1279 2250 1339 2312 quo

301 2335 393 2400 modo
417 2355 500 2400 nunc
523 2356 558 2400 se
587 2336 719 2400 istorum
745 2341 829 2399 artes
851 2334 981 2415 habent,
1011 2334 1267 2419 pertimescenda
1293 2341 1340 2400 est
1359 2347 1390 2394 ao

301 2437 466 2503 multitudo
496 2459 669 2504 causarum.
725 2445 772 2503 est
802 2439 887 2503 enim
914 2438 1049 2520 infinita,
1082 2438 1109 2504 si
1136 2439 1169 2502 in
1197 2439 1340 2523 personis

302 2542 445 2626 ponitur:
481 2549 557 2623 quot
587 2542 742 2623 homines,
777 2549 823 2609 tot
854 2563 978 2608 causae.
1028 2543 1077 2607 sin
1111 2541 1154 2606 ad
1187 2562 1341 2625 generum

299 2647 464 2712 universas
487 2647 688 2730 quaestiones
711 2647 897 2728 referuntur,
921 2647 968 2711 ita
989 2645 1133 2711 modicae
1163 2653 1196 2712 et
1218 2667 1340 2731 paucae

301 2759 383 2833 sunt,
407 2757 442 2816 ut
464 2771 519 2817 eas
542 2752 644 2816 omnis
666 2751 835 2836 diligentes
859 2758 890 2814 et
913 2769 1069 2815 memores
1092 2759 1123 2815 et
1155 2750 1254 2816 sobrii
1277 2771 1343 2815 ora·

300 2864 383 2921 tores
405 2875 572 2940 percursas
594 2856 700 2920 animo
724 2861 756 2920 ct
777 2873 875 2940 prope
900 2853 1004 2919 dicam
1019 2853 1207 2920 decantatas
1222 2853 1341 2920 habere
1360 2867 1389 2913 as

301 2960 447 3025 debeant.
493 2960 555 3024 nisi
584 2959 664 3024 forte
692 2958 882 3024 existimatis
910 2979 930 3022 a
956 2958 997 3022 M'
1016 2958 1110 3024 Curio
1139 2978 1270 3023 causam
1298 2959 1341 3023 di·

300 3065 415 3130 dicisse
437 3066 473 3129 L.
492 3065 640 3130 Crassum
663 3070 695 3129 et
725 3085 764 3129 ea
793 3083 827 3128 re
858 3063 958 3127 multa
988 3062 1142 3143 attulisse,
1174 3081 1271 3144 quam
1303 3063 1340 3128 ob

301 3189 368 3234 rem
402 3176 547 3253 postumo
578 3190 641 3233 non
679 3174 754 3233 nato
792 3167 921 3232 durium
958 3172 1066 3231 tamen
1098 3165 1249 3231 heredem
1289 3167 1344 3232 co

232 3291 278 3340 141
300 3275 388 3360 ponii
400 3295 470 3341 esse
482 3279 647 3359 oporteret.
678 3272 758 3337 nihil
769 3272 811 3337 ad
823 3272 946 3357 copiam
967 3275 1223 3354 argumentorum
1239 3291 1342 3353 neque

300 3380 342 3445 ad
365 3400 480 3446 causae
503 3379 568 3443 vim
590 3399 629 3443 ac
651 3384 795 3442 naturam
811 3397 928 3441 nomen
944 3374 1076 3458 Coponii
1099 3379 1154 3438 aut
1174 3373 1261 3438 Curii
1277 3395 1342 3458 per·
1360 3385 1389 3432 uo

300 3486 411 3550 tinuit:
434 3485 468 3549 in
497 3503 615 3568 genere
645 3489 714 3548 crat
744 3481 892 3546 universo
924 3479 971 3545 rci
1001 3478 1191 3562 negotiique,
1221 3478 1340 3542 nonin

299 3597 441 3674 tempore
471 3609 510 3653 ac
539 3587 723 3652 nominibus
753 3584 855 3650 omnis
889 3583 1042 3666 quaestio.
1090 3603 1161 3647 cum
1191 3583 1340 3668 scriptum

300 3695 345 3758 ita
376 3694 416 3758 sit
448 3717 475 3756 s1
497 3715 567 3754 11111
597 3713 698 3754 simus
729 3713 866 3754 suumne
898 3710 991 3756 1scun
1022 3710 1112 3751 rmus
1141 3710 1281 3752 1110111111
1312 3693 1341 3751 et
1408 3683 1409 3686 ¹

301 3803 416 3876 cetera,
441 3820 506 3860 uun
528 3819 690 3859 1111111111
715 3817 761 3857 s1u
784 3815 895 3873 nuans,
924 3792 951 3856 si
975 3797 1068 3855 natus
1089 3789 1173 3855 filius
1199 3811 1265 3856 non
1291 3791 1338 3873 sit,
1408 3807 1409 3810 ’
