2834 4110
316 209 429 262 LIBER
447 209 483 264 Il.
516 208 598 264 CAP.
612 214 723 266 27-28.
754 215 769 275 ἓ
789 214 934 267 119-122.
1083 197 1143 260 101

116 380 237 464 longum
266 390 315 447 θεῖ
345 383 429 447 enim
459 403 544 448 nunc
573 405 624 448 me
655 384 815 469 explicare
846 405 909 468 qua
938 385 1060 451 ratione
1090 392 1145 450 aut
1165 407 1214 455 119

15 555 17 566 ‚
116 485 293 551 confirmare
316 493 371 551 aut
393 485 552 553 infirmare
575 493 673 555 testes
695 489 821 553 tabulas
837 490 1039 571 quaestiones
1058 509 1146 574 opor-

114 595 182 654 teat.
227 591 308 656 haec
338 597 411 656 suut
441 593 548 657 omnia
569 592 690 676 ingenii
720 593 773 657 vel
795 591 970 674 mediocris,
995 594 1147 658 exercita-

113 693 201 760 tionis
222 702 331 760 autem
353 695 530 780 maximae;
553 703 654 762 artem
677 695 805 779 quidem
829 703 859 760 θῖ
874 704 1044 781 praccepta
1060 696 1145 761 dum-

15 857 17 862 ,
83 803 196 862 staxat
228 799 384 865 hactenus
413 800 592 882 requirunt,¹
621 805 655 865 ut
690 800 784 865 certis
814 799 941 865 dicendi
974 801 1146 866 luminibus

113 910 264 968 ornentur.
311 905 451 986 itemque
473 905 528 970 illa
551 925 632 987 quae
655 911 728 970 sunt
750 905 880 971 alterius
902 906 1038 989 generis,
1064 926 1145 988 quae
1165 926 1214 974 120

113 1013 175 1072 tota
201 1008 242 1074 ab
270 1015 394 1073 oratore
423 1010 597 1093 pariuntur,
629 1010 895 1092 excogitationem
929 1031 993 1074 non
1026 1009 1147 1074 habent

111 1110 278 1194 difficilem,
303 1113 547 1198 explicationem
569 1114 672 1197 magis
703 1114 868 1179 inlustrem
894 1115 1146 1199 perpolitamque

112 1213 317 1282 desiderant..
345 1218 453 1300 itaque
476 1239 548 1283 cum
571 1204 650 1282 haec
673 1217 736 1282 duo
758 1218 852 1283 nobis
876 1218 1059 1301 quaerenda
1081 1219 1145 1284 sint

70 1333 94 1380 11
112 1319 142 1382 in
164 1321 277 1402 causis,
301 1321 437 1405 primum
459 1321 545 1404 quid,
569 1321 685 1387 deinde
708 1343 769 1404 quo
800 1321 895 1388 modo
918 1322 1079 1388 dicamus:
1103 1322 1145 1386 al-

111 1429 207 1490 terum
231 1426 317 1508 quod
339 1432 440 1491 totum
468 1433 536 1492 arte
566 1428 699 1492 tinctum
726 1426 860 1508 videtur,
893 1428 1020 1492 tametsi
1042 1434 1144 1492 artem

15 1583 16 1596 ,
110 1529 244 1610 requirit,
268 1536 377 1594 tamen
398 1530 586 1614 prudentiae
610 1536 658 1595 θεῖ
680 1551 782 1615 paene
806 1529 984 1612 mediocris,
1008 1531 1085 1613 quid
1101 1530 1145 1595 di·

110 1631 239 1698 cendum
262 1633 304 1698 sit
326 1634 444 1698 videre.
489 1636 624 1700 alterum
648 1635 750 1698 estin
774 1654 836 1716 quo
860 1635 991 1700 oratoris
1018 1635 1068 1699 vis
1090 1635 1145 1698 illa

110 1734 213 1802 divina
234 1738 396 1820 virtusque
420 1739 566 1820 cernitur,
598 1759 636 1803 ea
659 1759 741 1821 quae
764 1738 899 1803 dicenda
930 1744 1003 1804 sunt
1034 1745 1144 1803 ornate

1166 1819 1204 1873 28

68 1848 94 1896 15
111 1834 230 1924 copiose
254 1843 405 1925 varieque
428 1843 541 1908 dicere.
589 1862 653 1926 qua
679 1863 713 1908 rc
736 1843 824 1908 illam
853 1849 977 1926 partem
1007 1841 1144 1927 superio·
1166 1893 1215 1940 121

112 1964 182 2026 rem,
206 1947 356 2028 quoniam
379 1947 477 2012 semel
498 1948 544 2012 ita
566 1947 657 2013 vobis
680 1948 809 2031 placuit,
833 1965 897 2010 non
912 1945 1066 2011 recusabo
1082 1964 1145 2026 quo

114 2049 211 2114 miuus
233 2051 408 2134 perpoliam
430 2057 527 2133 atque
550 2051 715 2116 conficiam
732 2089 770 2098 —
789 2055 942 2132 quantum
958 2067 1143 2130 consequar,

111 2170 164 2217 vos
185 2153 368 2219 iudicabitis
390 2178 449 2218 -ι
473 2155 588 2237 quibus
611 2175 652 2220 cx
674 2155 752 2220 locis
774 2154 816 2218 ad
839 2173 894 2218 eas
917 2153 973 2217 tris
995 2172 1047 2218 res
1063 2172 1145 2235 quae

110 2256 149 2319 ad
170 2257 265 2323 fidem
295 2258 476 2324 faciendam
506 2260 592 2324 solae
622 2259 731 2324 valent
754 2258 887 2323 ducatur
910 2258 1018 2339 oratio,
1047 2263 1082 2322 ut
1114 2262 1145 2320 θῖ

65 2362 311 2427 reconcilientur
344 2363 442 2427 animi
477 2370 509 2428 θῖ
542 2362 715 2429 doccantur
746 2369 777 2428 θῖ
810 2368 1007 2428 moveantur.
1056 2359 1145 2449 [haec

108 2472 177 2530 sunt
199 2467 285 2532 enim
308 2468 387 2552 trial.
434 2488 472 2533 ea
495 2488 570 2533 vero
594 2487 688 2551 quem
711 2466 753 2532 ad
776 2465 906 2532 modum
929 2467 1144 2546 inlustrentur,

108 2576 229 2650 praesto
253 2571 378 2654 estqui
401 2590 510 2636 omncs
535 2570 648 2636 docere
670 2571 780 2655 possit,
804 2569 858 2652 qui
880 2570 942 2636 hoc
964 2571 1086 2655 primus
1112 2569 1145 2632 in

110 2680 229 2740 nostros
252 2695 355 2740 mores
377 2675 514 2756 induxit,
538 2677 592 2757 qui
615 2676 756 2740 maxime
778 2673 878 2755 auxit,
911 2675 964 2758 qui
988 2675 1072 2739 solus
1103 2672 1145 2736 ef-

107 2775 186 2842 fecit.
233 2800 370 2862 namque
394 2801 462 2863 ego,
488 2780 598 2845 Catule
620 2818 662 2826 -
686 2779 791 2844 dicam
808 2777 893 2843 enim
914 2799 978 2844 non
993 2797 1144 2844 reverens
1164 2790 1213 2838 122

63 2894 90 2942 21
106 2880 294 2948 adsentandi
317 2884 529 2968 suspicionem
551 2922 593 2930 -
617 2885 777 2947 neminem
793 2901 863 2946 esse
879 2889 1035 2947 oratorem
1051 2881 1145 2965 paulo

109 2984 316 3052 inlustriorem
346 2987 480 3052 arbitror
517 3007 622 3070 neque
656 2987 812 3052 Graccum
846 3006 950 3068 neque
984 2985 1143 3064 Latinum,

107 3109 199 3170 quem
222 3098 312 3155 aetas
334 3097 443 3156 nostra
464 3091 581 3172 tulerit,
609 3110 703 3172 quem
737 3109 800 3154 non
832 3095 864 3154 θῖ
896 3108 992 3172 saepe
1024 3096 1054 3154 ct
1077 3087 1145 3151 dili-

106 3201 215 3276 genter
235 3195 399 3260 audierim.
444 3195 553 3277 itaquc
577 3195 604 3260 si
627 3193 703 3276 quid
726 3200 774 3258 est
796 3194 829 3257 in
846 3214 898 3259 me
920 3231 962 3240 -
979 3191 1064 3274 quod
1079 3192 1144 3256 iam

109 3317 234 3380 sperare
257 3299 377 3380 videor,
402 3299 550 3381 quoniam
574 3297 701 3381 quidem
725 3317 792 3378 vos,
815 3296 865 3361 his
888 3295 1025 3379 ingeniis
1047 3293 1144 3358 homi-

61 3413 89 3462 no
106 3422 171 3484 nes,
194 3408 318 3468 tantum
340 3423 456 3488 operae
478 3403 555 3468 mihi
578 3402 620 3468 ad
643 3400 837 3467 audiendum
860 3399 942 3464 datis
965 3433 1008 3444 -
1041 3416 1082 3459 ex
1107 3417 1143 3462 eo

106 3511 161 3588 est,
185 3507 270 3589 quod
291 3507 371 3573 nihil
394 3508 560 3590 quisquam
583 3527 734 3589 umquam
756 3526 807 3570 me
830 3502 981 3568 audiente
997 3499 1062 3583 egit
1078 3518 1144 3564 ora·

105 3616 151 3675 tor
174 3611 258 3694 quod
281 3633 344 3677 non
373 3612 408 3676 in
439 3611 591 3676 memoria
620 3630 692 3675 mea
722 3610 849 3694 penitus
879 3600 1040 3668 insederit.
1088 3602 1143 3666 ita-

106 3735 163 3797 que
187 3736 246 3801 ego
269 3718 296 3782 is
320 3717 374 3799 qui
397 3737 476 3797 sum,
493 3722 766 3798 quantuscumque
787 3731 856 3776 sum
871 3707 912 3771 ad
928 3702 1142 3783 iudicandum,

104 3821 250 3886 omnibus
264 3821 381 3887 auditis
397 3820 572 3886 oratoribus
588 3819 657 3884 sinc
672 3818 736 3882 ulla
755 3811 953 3879 dubitatione
973 3808 1019 3872 sic
1038 3812 1143 3871 statuo
