2834 4110
298 170 358 235 108
509 187 622 240 uranu
640 187 677 240 11.
705 185 782 241 cnr.
796 189 906 242 33-35.
937 187 1115 250 sris-148.

296 361 463 446 sapientia,
488 361 582 426 simul
604 367 699 442 atque
721 358 764 425 ad
791 379 862 425 eam
890 359 1072 444 confugero,
1095 360 1128 424 in
1156 361 1335 425 libertatem

293 461 490 531 vindicabit'

232 583 271 638 34
322 637 324 642 ,
397 564 510 634 ‘Huius
537 568 666 651 quidem
695 568 758 632 loci
780 588 875 650 quem
907 566 1000 633 modo
1027 588 1096 632 sum
1124 587 1258 634 exorsus
1283 569 1336 632 hic

295 680 343 739 est
364 670 448 738 finis‘
475 673 578 756 inquit
608 671 780 736 Antonius:
816 665 976 754 ‘quoniam
1005 671 1243 756 intellegeretur
1272 694 1335 738 non

294 779 326 842 in
350 777 512 843 hominum
535 775 819 840 innumerabilibus
848 775 992 859 personis
1019 796 1122 871 neque
1150 776 1183 841 in
1211 777 1373 841 infinitas

296 889 472 966 temporum
495 881 659 961 varietate,
684 878 742 945 sed
763 879 797 943 in
811 899 965 964 generum
982 880 1085 946 causis
1100 886 1199 962 atque
1214 881 1336 946 naturis

294 987 401 1051 omnia
434 986 496 1050 sita
529 1005 599 1050 esse
632 1004 714 1068 quae
747 984 780 1047 in
815 983 945 1048 dubium
979 990 1178 1066 vocarentur,
1217 1005 1336 1068 genera

294 1095 401 1154 autem
424 1109 493 1154 esse
516 1088 648 1154 definita
669 1109 733 1153 non
756 1089 858 1154 solum
880 1108 1021 1170 numero,
1050 1088 1106 1154 sed
1133 1089 1232 1153 etiam
1263 1109 1335 1174 pau-

295 1194 407 1258 citate:
431 1200 465 1257 ut
489 1213 559 1258 eam
582 1193 746 1257 materiem
768 1193 928 1272 orationis,
960 1213 1042 1276 quae
1074 1194 1230 1278 cuiusque
1253 1201 1336 1260 esset

292 1297 429 1381 generis,
454 1297 586 1363 studiosi
609 1298 664 1380 qui
686 1304 794 1363 essent
809 1297 937 1362 dicendi
953 1298 1100 1363 omnibus
1114 1298 1193 1364 locis
1209 1298 1337 1384 discrip-
1359 1314 1391 1360 ro

293 1408 358 1465 tam
379 1403 566 1467 instructam
588 1409 796 1485 ornatamque
819 1401 1131 1485 comprehenderent,
1155 1404 1251 1468 rebus
1266 1403 1336 1468 dico

226 1521 275 1570 146
294 1512 326 1570 et
349 1505 523 1571 sententiis.
571 1526 609 1570 ea
631 1507 664 1571 vi
687 1527 745 1571 sua
766 1507 866 1570 verba
888 1507 1022 1590 parient,
1047 1527 1129 1589 quae
1150 1527 1276 1592 semper
1291 1528 1337 1572 sa-

163 1593 166 1600 ’
294 1611 335 1674 tis
358 1616 471 1674 ornata
492 1610 569 1674 milri
593 1610 720 1692 quidem
742 1609 845 1674 videri
867 1610 979 1692 solent,
1004 1611 1031 1675 si
1054 1610 1230 1676 eiusmodi
1253 1618 1336 1692 sunt,

295 1721 329 1779 ut
351 1736 390 1781 ea
412 1735 462 1780 res
484 1715 555 1799 ipsa
569 1714 731 1799 peperisse
754 1713 908 1779 videatur.
947 1735 985 1779 ac
1000 1714 1027 1780 si
1042 1734 1153 1779 verum
1174 1715 1335 1798 quaeritis,

296 1819 380 1902 quod
403 1818 482 1884 mihi
504 1818 631 1902 quidem
660 1809 871 1884 videatur-
901 1818 980 1883 nihil
1012 1819 1096 1884 enim
1125 1818 1213 1883 aliud
1244 1819 1336 1884 adfir-
1356 1836 1386 1880 15

294 1945 381 1990 mare
411 1944 539 2009 possum
568 1924 631 1989 nisi
661 1923 851 1989 sententiam
886 1929 918 1987 et
945 1923 1127 2008 opinionem
1158 1943 1264 1987 meam
1294 1961 1336 1970 -

294 2027 354 2094 hoc
375 2030 619 2094 instrumentum
643 2047 809 2092 causarum
832 2033 864 2092 et
885 2047 1039 2111 generum
1060 2027 1281 2093 universorum
1302 2028 1336 2091 in

295 2132 398 2197 lorum
420 2132 544 2198 deferre
567 2132 721 2198 debemus
743 2151 856 2214 neque,
880 2137 915 2195 ut
938 2150 1082 2213 quaeque
1104 2151 1158 2196 res
1170 2130 1280 2196 delata
1294 2130 1336 2197 ad

295 2257 352 2302 nos
382 2237 451 2317 erit,
482 2243 550 2301 tum
580 2235 718 2318 denique
748 2235 880 2300 scrutari
907 2235 1002 2317 locos,
1030 2255 1072 2300 ex
1102 2235 1217 2318 quibus
1245 2258 1337 2321 argu-

294 2347 401 2405 menta
428 2360 583 2405 eruamus.
630 2360 712 2423 quae
740 2339 868 2420 quidem
899 2340 1055 2420 omnibus,
1079 2340 1196 2421 quiea
1218 2341 1384 2406 mediore

296 2445 389 2510 criter
418 2443 511 2509 modo
542 2443 781 2525 considerarim,
815 2443 920 2508 studio
950 2443 1093 2509 adhibito
1124 2451 1156 2508 et
1186 2465 1246 2509 usu
1269 2465 1336 2529 per-

296 2554 430 2613 tractata
453 2567 522 2614 esse
545 2554 691 2632 possunt;
715 2546 773 2612 sed
794 2553 900 2613 tamen
925 2548 1050 2613 animus
1072 2548 1260 2614 referendus
1288 2555 1336 2613 est

294 2651 336 2716 ad
358 2673 396 2717 ea
418 2651 525 2736 capita
547 2652 642 2717 etad
664 2653 734 2718 illos
758 2673 837 2735 quos
859 2672 955 2736 saepe
977 2653 1042 2716 iam
1057 2653 1216 2737 appellavi
1240 2655 1335 2734 locos,

294 2778 335 2821 cx
359 2757 473 2839 quibus
496 2758 603 2823 omnia
625 2757 667 2822 ad
690 2777 816 2824 omnem
831 2758 1005 2822 orationem
1020 2757 1151 2822 inventa
1166 2755 1334 2824 ducuntur.

226 2879 275 2926 147
296 2868 392 2944 atque
414 2862 475 2926 hoc
497 2867 597 2926 totum
621 2868 669 2927 est
692 2863 760 2928 sive
782 2862 859 2926 artis
883 2861 951 2925 sive
966 2859 1251 2926 animadversionis
1267 2863 1336 2927 sive
1354 2875 1381 2922 ns

296 2965 533 3031 consuetudinis
555 2986 647 3031 nosse
670 2966 827 3050 regiones,
850 2965 934 3029 intra
958 2984 1036 3046 quas
1059 2984 1176 3029 venere
1204 2972 1237 3029 et
1268 2986 1335 3050 per-

294 3070 434 3154 vestiges
457 3071 541 3154 quod
565 3090 707 3153 quaeras.
753 3070 808 3134 ubi
831 3089 903 3134 eum
929 3069 1033 3134 locum
1060 3089 1186 3133 omnem
1218 3071 1334 3153 eogita-

296 3175 382 3240 tione
405 3175 571 3260 saepseris,
596 3176 623 3241 si
645 3174 738 3240 modo
761 3195 820 3240 usu
843 3194 948 3239 rerum
963 3172 1175 3257 percallueris,
1199 3173 1281 3237 nihil
1303 3181 1334 3239 te

295 3280 426 3365 effugiet
448 3287 543 3364 atque
566 3300 660 3346 omne
687 3278 773 3361 quod
803 3279 863 3344 erit
885 3280 918 3343 in
941 3299 975 3343 re
998 3283 1141 3342 occurret
1166 3283 1263 3358 atque
1290 3279 1332 3342 in-

233 3392 270 3448 ab
294 3385 386 3450 oidet.
433 3392 464 3451 ct
487 3385 541 3466 sic,
567 3383 702 3449 eumad
725 3382 953 3449 inveniendum
976 3382 1009 3446 in
1025 3380 1160 3446 dicendo
1180 3381 1241 3445 tria
1257 3381 1331 3446 sint:
1348 3393 1379 3440 30

293 3508 438 3571 acumen,
462 3488 577 3555 deinde
600 3487 680 3553 ratio
703 3525 746 3536 -
769 3507 865 3569 quam
887 3487 970 3568 licet,
995 3485 1022 3550 si
1044 3485 1199 3565 volumus,
1228 3485 1331 3569 appel-

292 3594 393 3660 lemus
415 3601 516 3659 artem
538 3631 581 3640 -
604 3593 731 3658 tertium
754 3591 930 3675 diligentia,
954 3610 1018 3656 non
1034 3609 1162 3674 possum
1186 3588 1330 3670 equidem

294 3717 357 3762 non
380 3698 509 3782 ingenio
531 3698 650 3781 primas
673 3696 856 3776 concedere,
889 3695 946 3760 sed
976 3701 1082 3759 tamen
1112 3694 1217 3778 ipsum
1247 3694 1330 3777 inge·

224 3811 275 3859 148
293 3800 381 3883 nium
404 3801 569 3885 diligentia
592 3802 689 3866 etiam
712 3821 753 3866 ex
777 3800 926 3864 tarditate
953 3798 1064 3863 incitat
1087 3835 1129 3844 —-
1156 3796 1328 3881 diligentia,
