2834 4110
323 208 436 261 arena
454 207 490 263 11.
520 208 603 262 one.
618 211 727 264 17-18.
758 212 773 272 s
792 211 902 263 ra-ro.
1090 191 1132 254 89

88 382 309 449 remissionem
340 381 438 446 animi
467 388 534 446 tum
564 380 606 445 ad
629 381 788 446 tristitiam
814 387 881 445 tum
907 381 950 446 ad
979 378 1131 445 laetitiam

89 494 138 553 est
160 486 431 570 contorquendus,
455 487 595 551 omnium
616 486 845 551 sententiarum
867 486 1036 568 gravitate,
1069 505 1131 549 orn-
1152 498 1184 545 ua

88 592 175 656 nium
197 590 371 655 verborum
394 589 586 673 ponderibus
602 595 650 654 est
666 588 838 674 utendum;
860 588 993 654 aooedat
1009 594 1133 672 oportet

88 695 170 759 aotio
193 695 297 774 varia,
321 693 503 774 vehemens,
527 695 623 778 plena
645 693 754 774 animi,
771 693 866 778 plena
882 693 1020 777 spiritus,
1036 692 1133 776 plena

57 798 213 881 udoloris,
243 798 343 883 plena
368 797 519 862 veritatis.
564 799 599 862 in
628 796 679 862 his
706 796 856 881 operibus
887 797 914 862 si
945 797 1015 878 quis
1044 796 1132 860 illam

88 909 189 967 artem
225 900 515 986 comprehenderit,
546 908 581 966 ut
611 907 773 983 tamquam
805 900 936 966 Phidias
969 901 1132 966 Minervae

90 1007 214 1090 signum
239 1005 369 1070 efficere
391 1007 499 1090 possit,
529 1027 595 1072 non
625 1025 703 1070 sane
734 1025 827 1088 quem
854 1004 897 1070 ad
927 1004 1064 1086 modurn,
1096 1013 1133 1070 at

88 1111 121 1175 in
144 1110 247 1194 olipeo
270 1108 358 1174 idern
380 1109 505 1193 artifex,
537 1110 661 1175 minora
686 1110 741 1174 illa
771 1116 868 1194 opera
894 1109 1001 1176 faeere
1031 1109 1133 1175 diseat

89 1209 269 1280 laborabit’

45 1329 73 1375 1⁰
193 1319 276 1382 Tum
300 1317 447 1383 Catulus:
470 1311 544 1400 ‘quo
573 1318 636 1382 ista
658 1317 778 1382 maiora
804 1337 842 1381 ao
869 1317 1062 1383 mirabiliora
1089 1316 1132 1382 fo
1151 1298 1186 1420 {ff

90 1421 168 1502 oisti,
192 1441 230 1487 eo
253 1441 306 1486 me
336 1420 436 1484 maior
464 1422 643 1506 expectatio
671 1427 758 1486 tenet
790 1421 981 1503 quibusnam
1007 1421 1132 1486 rationi-

90 1527 148 1591 bus
172 1525 352 1608 quibusque
375 1526 553 1609 praeeeptis
575 1545 614 1589 ea
636 1531 726 1589 tanta
748 1524 797 1590 vis
821 1533 1036 1610 eomparatur,
1067 1545 1132 1590 non

91 1649 151 1712 quo
167 1649 239 1694 mea
255 1628 385 1711 quidem
397 1629 460 1693 iam
482 1629 608 1696 intersit
619 1667 662 1676 —
677 1647 782 1711 neque
799 1629 885 1694 enirn
899 1635 989 1694 aetas
1004 1628 1037 1693 id
1060 1649 1133 1693 mea

90 1732 250 1798 desiderat
272 1739 305 1797 et
327 1731 414 1797 aliud
435 1753 536 1817 genus
559 1731 720 1815 quoddam
743 1731 871 1797 dicendi
885 1752 944 1797 nos
965 1732 1065 1798 seouti
1081 1753 1131 1797 su-

46 1845 74 1892 15
91 1857 168 1919 mus,
199 1838 255 1920 qui
285 1857 459 1918 numquam
486 1837 660 1903 sententias
691 1836 731 1900 de
754 1837 902 1903 manibus
931 1834 1074 1901 iudioum
1097 1835 1131 1899 vi

91 1941 227 2022 quadam
257 1940 409 2006 orationis
436 1941 626 2006 extorsimus
652 1961 690 2004 ao
720 1937 824 2025 potius
855 1940 988 2025 placatis
1023 1958 1131 2003 eorum

91 2045 203 2110 animis
226 2050 352 2108 tantum
384 2050 535 2125 quantum
565 2043 627 2127 ipsi
650 2045 855 2127 patiebantur
884 2043 1065 2127 aooepimus
1088 2080 1131 2090 —

92 2146 147 2212 sed
168 2154 279 2212 tamen
302 2147 363 2211 ista
386 2153 440 2211 tna
462 2148 583 2212 nullum
606 2146 648 2211 ad
669 2167 763 2213 usum
786 2168 901 2228 meum,
929 2152 1052 2211 tantum
1084 2165 1131 2209 oo·

92 2250 267 2334 gnosoendi
289 2249 394 2316 studio
421 2250 577 2316 adductus
604 2250 739 2332 requiro.
786 2269 846 2314 neo
876 2250 953 2314 mihi
980 2269 1060 2333 opus
1084 2252 1132 2312 est
1151 2268 1183 2316 rs

47 2363 76 2410 20
94 2353 211 2420 Graeco
242 2353 350 2437 aliquo
377 2354 513 2435 doctore,
549 2353 603 2436 qui
633 2352 711 2418 mihi
741 2355 928 2439 pervolgata
961 2358 1133 2439 praecepta

93 2455 250 2540 decantet,
280 2478 353 2523 oum
383 2459 451 2542 ipse
479 2479 652 2541 numquam
682 2457 795 2539 forum,
828 2480 1001 2542 numquam
1035 2458 1133 2523 ullum

92 2561 241 2626 iudioium
264 2562 439 2646 aspexerit3
462 2570 497 2628 ut
512 2561 742 2646 Peripateticus
764 2563 818 2628 ille
842 2562 955 2628 dieitur
975 2561 1133 2642 Phormio,

93 2684 162 2730 oum
184 2665 349 2729 Hannibal
372 2664 565 2750 Carthagine
593 2665 745 2749 expulsus
768 2664 931 2750 Ephesum
961 2666 1003 2731 ad
1027 2664 1134 2729 Antio-

92 2767 184 2832 ohum
206 2767 349 2834 venisset
380 2769 454 2832 exul
484 2788 605 2853 proque
637 2788 684 2850 eo,
716 2768 801 2852 quod
832 2771 899 2836 eius
927 2789 1042 2836 nomen
1066 2773 1134 2833 erat

48 2878 76 2928 2⁵
93 2891 208 2956 magna
229 2870 319 2956 apud
340 2871 443 2937 omnis
465 2873 574 2956 gloria,
599 2871 751 2938 invitatus
775 2880 860 2939 esset
889 2875 930 2939 ab
954 2871 1134 2957 hospitibus

94 2975 156 3040 suis
186 2982 222 3040 ut
245 2995 319 3040 eum
350 2995 443 3058 quem
472 2975 549 3055 dixi,
580 2975 607 3040 si
629 2975 734 3058 vellet,
765 2977 906 3063 audiret;
944 2996 1079 3059 eumque
1106 2975 1134 3040 is

94 3097 127 3142 se
148 3100 214 3145 non
237 3078 321 3143 nolle
344 3078 487 3159 dixisset,
510 3079 633 3144 loeutus
656 3098 726 3145 esse
743 3078 858 3145 dieitur
881 3080 974 3149 homo
991 3080 1136 3163 oopiosus

1 3225 3 3290 γ
95 3183 212 3265 aliquot
234 3182 329 3248 horas
345 3182 385 3247 de
407 3183 606 3267 imperatoris
629 3181 734 3251 officio
759 3190 791 3248 et
806 3183 846 3249 de
871 3183 978 3271 [omni]
1002 3202 1037 3246 re
1057 3183 1136 3247 mili·

95 3285 160 3350 tari.
192 3292 269 3366 turn,
301 3305 373 3350 oum
403 3287 499 3351 oeteri
530 3286 584 3368 qui
614 3285 704 3350 illurn
731 3285 899 3352 audierant
930 3286 1137 3355 vehementer

1 3367 2 3418 ¹
50 3394 80 3444 3⁰
97 3395 199 3454 assent
222 3388 381 3470 delectati,
405 3390 600 3471 quaerebant
622 3391 663 3455 ab
685 3390 869 3456 Hannibale
893 3389 1044 3474 quidnam
1066 3389 1137 3472 ipse

95 3489 133 3555 de
160 3491 214 3557 illo
245 3490 433 3577 philosopho
464 3491 628 3558 iudicaret.
682 3492 735 3558 hio
764 3492 891 3558 Poenus
921 3512 986 3557 non
1016 3491 1135 3575 optime

96 3593 223 3678 Graece,
253 3594 311 3661 sed
333 3602 441 3660 tamen
470 3596 569 3660 libere
600 3595 803 3679 respondisse
829 3595 928 3659 fertur
958 3593 1073 3660 multos
1101 3615 1136 3662 se

96 3697 207 3766 deliros
222 3719 316 3766 senes
332 3719 428 3782 saepe
443 3699 571 3780 vidisse,
595 3699 653 3763 sed
674 3701 727 3781 qui
748 3698 851 3780 magis
874 3717 969 3780 quam
984 3695 1134 3764 Phormio

96 3800 249 3884 deliraret,
263 3801 563 3868 vidisseneminem.
594 3821 697 3884 neque
709 3798 891 3864 mehercule
903 3796 1028 3864 iniuria.
1059 3799 1136 3882 quid
1157 3819 1189 3867 ue
