2866 4110
261 134 305 197 24
493 151 606 204 ereum
624 150 645 204 1.
682 148 764 204 cAP.
779 152 888 204 21—22.
925 151 1069 212 scarae.

261 323 405 388 discendi
432 324 550 388 maiore
577 344 616 387 ac
643 323 811 387 maturiore
838 328 869 387 et
897 322 1005 387 labore
1028 328 1123 402 atque
1144 321 1301 385 industria
1331 359 1334 363 -
1402 370 1403 396 ,

253 415 432 512 superiore,
457 448 528 492 cum
555 447 589 491 se
612 426 654 490 ad
676 425 869 491 audiendum
891 425 1063 508 legendum
1086 423 1299 489 scribendum·
1400 456 1404 502 ι

262 551 322 612 que
351 531 482 613 dederit,
508 531 624 595 existat
651 531 723 596 talis
751 536 854 595 orator
881 530 1006 611 qualem
1030 528 1221 610 quaerimus,
1246 529 1300 609 qui
1402 543 1403 547 ’

153 635 156 642 ’
261 635 328 700 iure
351 656 414 699 non
438 636 538 700 solum
562 633 707 715 disertus,
724 633 780 698 sed
803 634 898 697 etiam
922 633 1073 714 eloquens
1096 631 1160 696 dici
1184 632 1300 716 possit;

262 739 315 820 qui
345 745 452 802 tamen
482 757 554 801 mea
584 738 742 802 sententia
771 743 826 802 aut
847 736 899 800 hio
923 742 970 800 est
992 737 1056 799 iam
1079 736 1212 801 Crassus
1234 742 1333 816 aut-¹>
1407 806 1408 812 ἵ

262 842 289 906 si
313 841 383 922 quis
405 841 473 924 pari
496 840 591 905 fuerit
616 841 746 923 ingenio
773 841 926 924 pluraque
949 859 1044 921 quam
1067 838 1119 903 hic
1141 845 1173 902 et
1194 837 1301 903 audie-

261 945 302 1008 rit
325 951 356 1007 et
378 943 525 1007 lectitarit
549 949 580 1007 et
603 944 772 1027 scripserit,
795 944 924 1026 paulum
950 942 1013 1006 huc
1039 941 1159 1024 aliquid
1185 942 1302 1025 poterit

263 1043 401 1112 addere?
473 1088 477 1096 ·

209 1159 243 1211 96
366 1151 436 1216 Hoc
473 1151 540 1215 loco
579 1150 736 1234 Sulpicius
774 1143 970 1233 ‘insperanti'
1003 1148 1106 1231 inquit
1139 1142 1228 1212 ‘mihi
1270 1155 1302 1214 et

262 1255 384 1334 Cottae,
410 1253 466 1318 sed
488 1253 582 1318 valde
605 1255 726 1339 optanti
748 1255 872 1335 utrique
895 1260 1036 1318 nostrum
1063 1250 1186 1333 cecidit,
1208 1258 1244 1317 ut
1266 1253 1351 1317 into

261 1358 357 1422 istum
380 1354 565 1438 sermonem,
594 1358 716 1438 Crasse,
739 1357 974 1422 delaberemini.
1017 1357 1110 1421 nobis
1133 1355 1218 1420 enim
1240 1355 1303 1420 huc

262 1461 464 1527 venientibus
491 1463 569 1526 satis
596 1459 768 1527 iucundum
794 1461 860 1526 fore
887 1461 1064 1541 videbatur,
1088 1461 1124 1540 si,
1149 1479 1220 1525 cum
1243 1478 1303 1525 vos

264 1563 304 1628 de
319 1567 414 1630 rebus
429 1564 499 1630 aliis
514 1563 730 1646 loqueremini,
747 1571 853 1630 tamen
870 1585 927 1630 nos
949 1562 1069 1647 aliquid
1093 1584 1134 1629 ex
1156 1583 1302 1628 sermone
1415 1583 1417 1654 l

264 1675 369 1732 vestro
392 1669 544 1734 memoria
566 1667 697 1752 dignum
721 1671 869 1753 excipere
892 1689 1075 1753 possemus;
1098 1674 1133 1758 ut
1152 1688 1229 1732 vero
1251 1689 1303 1751 pe·
1417 1677 1418 1728 l

263 1772 348 1837 nitus
374 1771 407 1836 in
436 1792 506 1836 eam
533 1773 636 1856 ipsam
662 1773 758 1838 totius
784 1773 878 1838 huius
901 1775 954 1838 vel
980 1772 1075 1838 studii
1098 1773 1149 1837 vel
1176 1770 1302 1836 artifioii
1323 1783 1353 1830 15
1418 1766 1419 1806 l

264 1876 316 1940 vel
339 1874 499 1942 facultatis
522 1875 768 1960 disputationem
790 1898 892 1961 paene
907 1877 1052 1941 intimam
1068 1875 1229 1954 veniretis,
1245 1875 1302 1939 vix
1419 1852 1420 1876 ¹

214 1985 246 2036 97
266 1979 440 2063 optandum
470 1981 562 2046 nobis
591 1981 768 2047 videbatur.
815 2003 874 2066 ego
905 1981 999 2062 enim,
1024 1981 1077 2063 qui
1104 1981 1144 2044 ab
1172 1979 1303 2043 ineunte

265 2088 370 2147 aetate
401 2083 548 2149 incensus
579 2104 681 2150 essem
713 2085 816 2150 studio
837 2085 1000 2166 utriusque
1023 2089 1172 2162 vestrum,
1196 2082 1303 2147 Crassi

264 2206 339 2250 vero
363 2186 458 2250 etiarn
481 2207 597 2268 amore,
615 2208 686 2252 cum
709 2189 750 2252 ab
774 2208 811 2252 eo
834 2207 990 2268 nusquam
1014 2185 1219 2266 discederem,
1235 2205 1303 2250 ver·

265 2288 340 2352 bum
365 2309 405 2352 ex
429 2309 466 2353 eo
489 2310 661 2371 numquam
689 2292 803 2356 elicere
824 2291 912 2374 potui
935 2289 975 2352 de
997 2289 1030 2352 vi
1053 2307 1091 2352 ac
1112 2289 1235 2354 ratione
1259 2289 1302 2353 di·
1321 2298 1355 2346 20

266 2391 368 2472 cendi,
385 2412 456 2455 cum
480 2399 510 2456 et
532 2414 589 2477 per
613 2402 729 2459 memet
751 2395 854 2477 ipsum
877 2393 1013 2477 egissem
1037 2397 1068 2456 et
1090 2412 1146 2475 per
1165 2393 1303 2459 Drusum

266 2514 362 2577 saepe
393 2500 607 2579 temptassem.
654 2517 715 2578 quo
745 2497 778 2560 in
808 2516 925 2580 genere
953 2503 997 2576 tu,
1020 2495 1140 2561 Antoni
1163 2535 1204 2543 -
1228 2516 1303 2562 vere

265 2597 375 2679 loquar
397 2635 440 2644 —
461 2619 632 2681 numquam
660 2599 736 2664 mihi
764 2601 963 2684 percontanti
986 2607 1041 2664 aut
1063 2601 1226 2682 quaerenti
1249 2601 1303 2664 ali·

268 2699 344 2781 quid
367 2701 504 2783 deluisti,
529 2711 560 2767 et
587 2723 740 2787 persaepe
767 2724 819 2768 me
846 2725 927 2786 quae
958 2706 1074 2770 soleres
1104 2705 1137 2768 in
1168 2703 1303 2768 dicendo

213 2809 247 2862 98
266 2804 436 2869 observare
451 2804 594 2872 docuisti.
619 2827 713 2888 nunc,
730 2808 879 2890 quoniam
902 2816 1033 2890 uterque
1053 2791 1195 2872 ¹vestrum
1217 2813 1303 2890 pate·
1322 2816 1355 2864 25

265 2907 342 2972 fecit
372 2929 479 2974 earum
508 2911 648 2993 ipsarum
677 2931 781 2974 rerum
811 2911 931 2976 aditum
958 2932 1037 2994 quas
1065 2910 1244 2994 quaerimus
1272 2917 1304 2976 et

266 3012 416 3093 quoniam
443 3014 590 3098 princeps
618 3015 750 3080 Crassus
780 3015 848 3080 eius
878 3015 1031 3080 sermonis
1061 2995 1204 3080 ordiendi
1234 3012 1303 3093 fuit,

267 3114 339 3180 date
370 3118 463 3182 nobis
493 3117 576 3182 hanc
597 3118 735 3200 veniam,
759 3125 793 3183 ut
825 3139 863 3184 ea
893 3140 974 3201 quae
1005 3117 1128 3183 sentitis
1155 3116 1195 3181 de
1218 3116 1304 3182 omni

266 3239 383 3302 genere
406 3220 532 3286 dicendi
556 3223 712 3287 subtiliter
733 3224 975 3306 persequamini.
1020 3220 1103 3304 quod
1127 3220 1304 3302 quidemst

266 3323 325 3387 erit
351 3345 371 3388 a
398 3326 490 3391 vobis
516 3326 727 3410 impetratum,
751 3347 899 3410 magnam
923 3327 1058 3406 habebo,
1083 3326 1206 3406 Crasse,
1229 3324 1304 3389 huic
1323 3331 1358 3378 30

265 3427 443 3510 palaestrae
466 3437 498 3497 et
512 3433 691 3497 Tusculano
714 3438 767 3496 tuo
790 3432 925 3515 gratiam
948 3437 980 3495 et
1002 3431 1096 3512 longe
1111 3427 1305 3494 Academiae

265 3530 311 3595 illi
339 3553 377 3598 ac
404 3535 504 3618 Lycio
533 3543 622 3602 tuum
652 3537 711 3602 hoc
741 3537 956 3602 suburbanum
986 3532 1190 3617 gymnasium
1219 3538 1305 3596 ante-

214 3615 252 3743 ἓξ
266 3634 405 3719 ponam?
449 3647 516 3703 turn
544 3641 596 3707 ille
622 3634 728 3706 ‘immo
756 3636 842 3705 vero’
864 3637 967 3719 inquit
994 3629 1134 3718 ‘Sulpici
1159 3654 1305 3719 rogemus

265 3740 449 3826 Antonium,
467 3745 519 3828 qui
536 3753 568 3810 et
582 3753 685 3832 potest
705 3746 810 3811 facere
826 3740 910 3826 quod
930 3739 1063 3822 requiris
1083 3744 1115 3802 et
1131 3738 1304 3819 consuevit,
1369 3799 1374 3808 .

1202 4049 1382 4058 „-..·—-—-—
1415 4046 1418 4049 “
