2834 4110
274 209 316 273 98
480 228 593 282 traua
611 228 649 280 11,
679 227 763 281 our.
781 231 893 284 as-ao.
924 231 1104 292 §roo-110.

273 402 449 487 quaeritur;
484 409 519 466 ut
542 422 613 466 cum
636 403 671 466 L.
694 401 811 486 Opimii
842 423 970 467 causam
1006 401 1199 468 defendebat
1229 402 1320 486 apud

272 507 422 590 populum
445 506 596 572 audiente
618 527 670 571 me
685 508 720 572 Ο.
739 507 841 572 Oarbo
854 509 971 589 consul,
985 507 1064 571 nihil
1077 506 1116 572 de
1132 507 1165 572 d.
1179 507 1320 572 Gracchi

272 630 351 676 nece
374 613 524 696 negabat,
548 611 606 700 sed
629 611 662 675 id
685 612 752 676 iure
775 633 831 696 pro
847 613 948 676 salute
964 613 1086 696 patriae
1108 611 1230 676 factum
1247 632 1320 677 esse

273 714 413 799 dicebat;
437 722 472 779 ut
496 714 599 780 eidem
623 715 759 780 Carboni
782 717 909 782 tribuno
929 716 1032 800 plebis
1047 717 1110 780 alia
1125 723 1193 780 tum
1209 723 1320 782 mente

272 839 339 883 rem
362 820 522 903 publicam
552 819 729 903 capessenti
756 821 790 883 P.
808 819 977 885 Africanus
1010 820 1050 884 de
1077 820 1125 884 Ti.
1172 820 1354 886 Gracchos

247 933 255 938 “
273 923 481 1007 interroganti
504 922 712 1006 responderat
734 924 801 988 iure
825 943 952 989 caesum
967 924 1078 988 videri.
1125 925 1193 989 iure
1208 931 1320 990 autem

274 1014 381 1091 omnia
404 1025 619 1091 defenduntur
641 1047 723 1109 quae
747 1035 820 1093 sunt
843 1029 911 1094 eius
933 1030 1075 1112 generis,
1099 1035 1134 1092 ut
1157 1035 1213 1092 aut
1230 1050 1320 1113 opor-

273 1131 367 1194 tuerit
389 1138 446 1194 aut
467 1130 590 1196 licuerit
612 1138 667 1194 aut
690 1151 820 1198 necesse
843 1132 938 1197 fuerit
960 1138 1015 1196 aut
1030 1131 1248 1216 imprudentia
1264 1140 1320 1197 aut

206 1249 254 1296 rou
274 1255 349 1299 casu
372 1234 457 1299 facta
480 1255 549 1300 esse
573 1234 749 1301 videantur.
795 1237 859 1300 iam
882 1236 959 1318 quid
991 1243 1120 1302 vocetur
1144 1238 1318 1319 quaeritur,

275 1359 345 1403 oum
376 1359 438 1421 quo
468 1341 566 1404 verbo
597 1340 674 1422 quid
707 1341 932 1424 appellandum
964 1342 1006 1406 sit
1035 1340 1251 1425 contenditur;
1284 1347 1320 1406 ut
1341 1358 1372 1404 10

274 1443 351 1507 mihi
373 1443 435 1527 ipsi
458 1464 529 1508 cum
553 1444 612 1509 hoo
628 1444 767 1529 Sulpicio
790 1445 850 1509 fuit
873 1447 906 1509 in
922 1446 1064 1510 Norbani
1081 1465 1178 1510 causa
1193 1465 1320 1510 summa

274 1547 442 1612 contentio.
487 1548 639 1632 pleraque
663 1549 747 1614 enim
769 1549 810 1613 de
832 1549 871 1613 iis
895 1569 976 1631 quae
999 1551 1039 1614 ab
1056 1550 1116 1614 isto
1138 1549 1320 1614 obicieban-

274 1659 324 1716 tur
347 1673 417 1716 oum
441 1653 616 1736 confiterer,
640 1659 747 1718 tamen
777 1654 818 1717 ab
848 1653 902 1718 illo
932 1653 1131 1718 maiestatem
1162 1653 1319 1717 minutam

274 1758 443 1840 negabam,
468 1777 509 1822 ex
541 1778 603 1840 quo
633 1759 731 1822 verbo
760 1758 832 1842 lege
854 1758 1013 1842 Appuleia
1044 1763 1111 1823 tota
1141 1757 1196 1821 illa
1220 1777 1320 1822 eausa

208 1869 255 1917 108
274 1861 442 1945 pendebat.
490 1869 587 1946 atque
621 1864 655 1927 in
688 1863 749 1928 hoc
780 1882 899 1946 genere
934 1881 1100 1927 causarum
1135 1883 1199 1927 nou
1240 1861 1320 1926 nulli
1340 1876 1371 1922 15

273 1966 473 2050 praecipiunt
500 1973 535 2031 ut
564 1968 696 2032 verbum
718 1966 796 2030 illud
820 1965 904 2048 quod
927 1987 1055 2031 oausam
1078 1965 1156 2030 facit
1178 1965 1320 2030 breviter

274 2076 406 2153 uterque
429 2070 571 2136 definiat.
597 2070 681 2154 quod
704 2071 782 2134 mihi
806 2070 934 2153 quidem
956 2091 1109 2155 perquam
1129 2071 1251 2154 puerile
1274 2071 1319 2133 vi·

275 2172 342 2238 deri
366 2176 454 2240 solet.
501 2175 565 2239 alia
588 2180 635 2239 est
659 2175 753 2255 enim,
778 2194 849 2238 cum
872 2174 954 2238 inter
976 2173 1085 2239 doctos
1108 2174 1254 2239 homines
1277 2173 1317 2236 de

274 2277 313 2342 iis
348 2278 426 2361 ipsis
464 2279 560 2343 rebus
591 2298 673 2360 quae
711 2284 878 2342 versantur
912 2279 945 2342 in
972 2279 1094 2343 artibus
1128 2277 1316 2361 disputatur,

275 2383 444 2446 vorborum
467 2381 618 2462 definitio,
642 2388 677 2445 ut
701 2401 772 2445 cum
795 2382 955 2462 quaeritur
981 2381 1059 2463 quid
1083 2383 1123 2447 sit
1145 2401 1208 2461 ars,
1241 2380 1318 2462 quid
1338 2393 1373 2439 ao

276 2486 317 2550 sit
337 2486 401 2566 lex,
427 2484 502 2567 quid
525 2486 566 2550 sit
589 2486 711 2550 civitas.
757 2486 791 2549 in
823 2487 937 2568 quibus
966 2485 1027 2550 hoo
1050 2485 1207 2570 praecipit
1238 2485 1318 2549 ratio

276 2596 308 2654 et
324 2589 476 2670 doctrina,
500 2590 606 2654 utris
629 2589 697 2654 eius
720 2590 765 2654 rei
789 2609 884 2672 quam
899 2589 1034 2654 definias
1050 2594 1093 2654 sic
1110 2588 1318 2673 exprimatur,
1415 2627 1416 2638 ,

208 2707 257 2756 109
276 2701 310 2758 ut
332 2714 437 2776 neque
460 2693 544 2759 absit
567 2695 736 2777 quiequam
759 2713 864 2777 neque
887 2694 1031 2778 supersit.
1078 2692 1163 2775 quod
1189 2691 1319 2774 quidem

276 2799 310 2863 iu
331 2798 387 2862 illa
410 2817 507 2862 causa
529 2818 634 2880 neque
657 2798 815 2882 Sulpicius
837 2797 913 2862 fecit
935 2817 1039 2879 neque
1062 2817 1122 2880 ego
1138 2795 1248 2860 facere
1272 2815 1320 2860 oo·
1415 2859 1416 2864 ,

276 2909 371 2968 uatus
393 2923 480 2988 sum,
505 2924 579 2967 nam
603 2909 757 2984 quantum
779 2908 910 2984 uterque
933 2907 1074 2967 nostrum
1095 2901 1208 2985 potuit,
1233 2899 1320 2964 omni
1340 2911 1374 2958 25
1415 2893 1416 2916 ³

210 3029 227 3102 p
277 3008 369 3092 copia
390 3006 519 3072 dicendi
543 3006 688 3089 thauit
718 3005 794 3090 quid
825 3012 909 3071 esset
935 3005 1136 3071 maiestatem
1163 3004 1318 3069 minuere.

278 3113 396 3177 etenim
420 3111 562 3177 definitio
584 3113 721 3197 primum
750 3110 942 3195 reprehenso
974 3111 1072 3174 verbo
1094 3129 1157 3175 uno
1187 3116 1245 3173 aut
1267 3108 1320 3174 ad·
1415 3175 1416 3180 χ

277 3215 342 3282 dito
364 3223 420 3282 aut
442 3217 571 3302 dempto
602 3237 697 3302 saepe
728 3222 934 3297 extorquetur
963 3235 980 3278 e
1008 3214 1169 3298 manibus3
1202 3212 1320 3277 deinde

280 3342 397 3405 genere
421 3323 490 3406 ipso
514 3321 689 3386 doctrinam
711 3319 832 3385 redolet
861 3317 1186 3400 exercitationemque
1214 3337 1320 3400 paene

277 3426 445 3510 puerilem;
469 3433 537 3489 tum
569 3431 601 3488 et
622 3424 656 3488 in
687 3443 815 3489 sensum
847 3428 879 3488 et
901 3422 935 3486 in
965 3427 1105 3486 mentem
1136 3420 1252 3485 iudicis
1275 3421 1321 3484 in·
1341 3430 1377 3478 30

279 3535 362 3593 trare
392 3550 456 3594 non
486 3534 607 3613 potest:
631 3533 706 3592 ante
740 3527 825 3591 enim
854 3526 1095 3610 praeterlabitur
1126 3545 1223 3607 quarn
1251 3543 1322 3609 per·
1415 3525 1416 3534 ’

279 3639 372 3716 cepta
394 3639 451 3698 est.

212 3701 261 3821 12160
383 3735 448 3801 Sed
470 3737 504 3800 in
528 3755 565 3800 eo
587 3754 715 3818 genere,
739 3735 774 3797 in
797 3753 858 3815 quo
874 3732 965 3814 quale
982 3733 1022 3797 sit
1045 3733 1121 3815 quid
1137 3733 1321 3816 ambigitur,

281 3839 390 3903 existit
413 3840 506 3898 etiam
533 3859 572 3888 ev
597 3839 707 3924 scripti
728 3836 989 3921 interpretatione
1020 3855 1116 3920 saepe
1148 3837 1321 3918 contenti0,
