2866 4110
300 171 342 234 32
515 188 628 242 LIBER
647 188 667 240 I.
700 187 782 242 OAP.
796 191 906 244 28-29.
936 194 952 253 ἐ
971 192 1116 245 130-133.

299 368 333 426 ut
355 361 397 427 ad
420 363 503 428 hanc
525 361 762 428 similitudinem
784 361 878 427 huius
900 361 1061 428 histrionis
1083 364 1251 428 oratoriam
1275 364 1339 430 lau·

299 465 371 530 dem
387 466 569 550 dirigamus,
585 465 743 530 videtisne
758 485 853 547 quam
875 466 955 530 nihil
977 469 1017 532 ab
1042 487 1079 531 eo
1101 467 1164 532 nisi
1185 468 1337 551 perfecte,
1406 538 1409 555 ,

298 569 378 634 nihil
404 571 466 635 nisi
493 590 564 634 cum
593 589 717 633 summa
739 575 906 633 venustate
928 570 993 651 fiat,
1017 571 1078 634 uisi
1101 571 1202 636 itaut
1224 570 1340 638 deceat
1406 573 1410 632 1

299 679 330 738 et
353 673 399 738 uti
422 673 524 738 omnis
546 679 672 737 moveat
694 679 789 754 atquc
813 671 973 737 delectet?
996 673 1103 755 itaque
1123 674 1183 738 hoc
1201 675 1340 742 iamdiu

299 783 347 841 est
377 782 573 856 consecutus,
597 782 641 856 ut,
673 775 706 839 in
737 796 799 858 quo
828 776 961 857 quisque
991 776 1124 843 artificio
1156 765 1365 860 excelleret,5

297 881 327 944 is
348 880 381 943 in
405 899 461 944 suo
481 898 597 962 genere
613 873 767 944 ‘Roscius'
782 879 947 944 diceretur.
983 879 1066 944 hanc
1089 901 1149 964 ego
1170 883 1339 949 absolutio-

298 1003 371 1052 nem
398 983 688 1065 perfectionemque
715 985 748 1047 iu
776 989 899 1048 oratore
922 983 1116 1064 desiderans,
1140 1005 1160 1048 a
1182 1005 1246 1066 qua
1268 985 1338 1070 ipse

298 1086 393 1170 longe
415 1087 537 1168 absum,
553 1086 635 1151 facio
658 1086 876 1171 impudenter3
900 1087 978 1151 mihi
1002 1088 1086 1152 enim
1109 1089 1181 1154 volo
1204 1089 1337 1172 ignosci,

299 1191 411 1256 ceteris
439 1190 507 1274 ipse
536 1191 764 1273 non'ignosco.
811 1191 963 1271 namqui
990 1211 1054 1254 non
1077 1197 1190 1275 potest,
1215 1193 1270 1273 qui
1294 1194 1339 1258 vi·
1411 1179 1412 1268 l

299 1295 377 1359 tiose
399 1293 485 1375 facit,
510 1315 604 1376 quem
626 1294 764 1377 denique
787 1315 850 1359 non
872 1293 973 1375 dccet,
990 1294 1084 1376 huuc,
1100 1301 1135 1359 ut
1150 1296 1338 1380 Apollonius
1357 1321 1380 1368 10
1411 1281 1412 1370 l

238 1471 276 1526 29
298 1399 438 1477 iubebat,
461 1397 559 1462 adid
582 1397 666 1480 quod
689 1397 795 1462 facere
817 1399 917 1482 possit
940 1398 1173 1464 detrudendum
1195 1395 1294 1482 puto’

230 1546 277 1593 131
403 1495 498 1566 ‘Num
532 1507 566 1565 tu
603 1497 709 1585 igitur'
743 1501 846 1584 inquit
877 1503 1035 1586 Sulpicius
1066 1495 1128 1567 ‘me
1162 1509 1217 1567 aut
1252 1503 1337 1568 hunc

300 1607 423 1672 Cottam
446 1606 495 1671 ius
518 1605 610 1670 civile
632 1611 687 1669 aut
710 1625 776 1669 rem
798 1605 966 1671 militarem
983 1606 1072 1672 iubes
1088 1605 1235 1672 discere?
1261 1627 1337 1670 nam
1359 1593 1381 1636 '¹
1412 1612 1413 1692 l

299 1710 369 1790 quis
391 1709 434 1774 ad
455 1710 518 1798 ista
541 1729 664 1774 summa
685 1714 781 1790 atque
803 1709 837 1773 in
859 1710 944 1774 omni
971 1729 1089 1791 genere
1115 1709 1258 1792 perfecta
1285 1731 1337 1794 pc·
1412 1697 1413 1706 ἵ

297 1821 359 1878 test
393 1807 598 1898 perveniref’
642 1818 708 1876 tum
739 1812 792 1876 ille
824 1804 894 1896 ‘ego
923 1809 1010 1877 rero'
1040 1812 1143 1894 inquit
1172 1805 1268 1894 ‘quod
1303 1815 1336 1878 in
1357 1837 1383 1886 15

297 1918 389 1983 vobis
416 1918 578 2002 egregiam
606 1915 767 2000 quandam
789 1935 827 1980 ac
848 1917 1044 2000 praeclaram
1067 1914 1205 1980 indolem
1228 1916 1270 1980 ad
1293 1917 1337 1981 di·

297 2021 433 2086 cendum
456 2042 526 2086 esse
550 2023 693 2106 cognovi,
717 2021 835 2086 idcirco
857 2020 937 2086 haec
964 2019 1096 2104 exposui
1123 2019 1246 2104 omnia;
1278 2041 1338 2085 nec

297 2125 399 2209 magis
418 2124 460 2189 ad
481 2145 534 2190 eos
554 2124 759 2190 deterrendos
782 2124 836 2206 qui
858 2144 921 2188 non
944 2129 1073 2207 possent
1096 2143 1192 2204 quam
1214 2122 1256 2187 ad
1279 2144 1337 2189 vos

298 2227 351 2308 qui
374 2228 509 2311 possetis
532 2227 734 2293 exacuendos
757 2225 998 2292 adcommodavi
1021 2226 1194 2291 oraticnem
1221 2247 1336 2292 meam.

298 2338 329 2394 et
345 2349 537 2412 quamquam
551 2331 584 2394 in
600 2337 732 2412 utroque
747 2335 886 2395 vestrum
907 2350 1063 2394 summum
1083 2348 1152 2394 esse
1172 2329 1337 2413 ingenium
1355 2354 1385 2402 20

298 2431 499 2514 studiumque
529 2434 688 2517 perspexi,
712 2439 819 2497 tamen
850 2433 931 2498 haec
961 2453 1042 2515 quae
1069 2433 1203 2498 suntin
1230 2434 1337 2517 specie

297 2537 409 2619 posita,
426 2534 467 2600 de
490 2536 603 2618 quibus
626 2537 718 2619 plura
739 2536 873 2602 fortasse
896 2535 963 2601 dixi
987 2557 1082 2619 quam
1105 2537 1207 2602 solent
1222 2537 1338 2602 Graeci

230 2651 278 2700 132
297 2638 413 2721 dicere,
437 2641 534 2723 inte,
558 2641 687 2723 Sulpici,
711 2640 821 2706 diviua
848 2646 930 2706 sunt.
978 2660 1037 2724 ego
1064 2641 1148 2705 enim
1174 2640 1338 2706 neminem

298 2763 357 2808 nec
379 2749 465 2808 motu
488 2743 626 2827 corporis
648 2763 752 2825 neque
774 2744 843 2827 ipso
865 2743 977 2808 habitu
999 2749 1095 2825 atque
1117 2743 1220 2808 forma
1239 2745 1338 2827 aptio-

297 2866 365 2911 rem
399 2867 459 2912 nec
491 2866 570 2911 voce
603 2847 776 2930 pleniorem
814 2852 869 2911 aut
902 2846 1081 2912 suaviorem
1114 2846 1192 2911 milri
1225 2846 1339 2913 videor
1356 2871 1387 2918 25

297 2948 442 3034 audisse;
466 2970 548 3032 quae
570 2950 685 3032 quibus
707 2971 728 3014 a
750 2957 863 3015 natura
885 2951 1007 3016 minora
1030 2949 1106 3014 data
1129 2956 1211 3032 sunt,
1228 2956 1337 3016 tamen

297 3052 374 3119 illud
407 3053 540 3135 adsequi
574 3060 723 3138 possunt,
754 3060 789 3118 ut
818 3055 858 3120 iis
888 3075 970 3136 quae
1000 3054 1121 3119 habent
1150 3049 1274 3118 modice
1306 3060 1337 3118 et

298 3158 434 3223 scienter
448 3163 577 3228 utantur
600 3164 631 3223 et
653 3165 751 3223 utne
774 3157 935 3224 dedeceat.
962 3158 997 3223 id
1020 3158 1104 3223 enim
1127 3163 1174 3222 est
1197 3158 1338 3222 maxime

297 3261 463 3326 vitandum
495 3268 526 3326 et
556 3261 596 3328 de
625 3261 685 3326 hcc
716 3282 779 3326 uno
809 3262 939 3327 minime
967 3267 1015 3327 cst
1037 3261 1131 3326 facile
1152 3261 1338 3345 praecipere

297 3386 361 3430 non
377 3364 455 3430 mihi
470 3365 574 3447 modo,
591 3366 644 3449 qui
661 3366 741 3432 siout
756 3385 838 3431 uuus
853 3364 1082 3449 paterfamilias
1104 3364 1155 3430 his
1178 3363 1219 3428 de
1241 3364 1337 3428 rebus
1355 3384 1389 3431 ao

297 3469 416 3550 loquor,
432 3470 489 3534 sed
505 3470 601 3534 etiam
623 3469 685 3555 ipsi
700 3470 745 3534 illi
759 3470 883 3550 Roscio,
900 3489 993 3551 quem
1009 3487 1105 3552 saepe
1120 3468 1215 3534 audio
1231 3467 1336 3532 dicere

278 3578 392 3658 mput
411 3591 481 3638 esse
499 3573 576 3638 artis
594 3565 739 3655 ‘decere’,
756 3571 839 3654 quod
858 3578 965 3638 tamen
984 3588 1083 3636 unum
1101 3570 1135 3634 id
1154 3591 1234 3652 esse,
1251 3569 1337 3652 quod

230 3682 279 3731 133
298 3674 379 3740 tradi
391 3681 459 3740 arte
470 3697 535 3742 non
547 3675 654 3760 possit.
672 3676 739 3757 sed,
749 3676 774 3741 si
786 3677 900 3759 placet,
907 3693 1083 3739 sermonem
1094 3674 1157 3738 alio
1169 3673 1336 3739 transfera-

297 3799 368 3844 mus
392 3785 423 3844 et
445 3785 550 3846 nostro
573 3801 659 3848 more
681 3777 860 3862 aliquando,
880 3797 944 3842 non
966 3776 1131 3858 rhetorico,
1151 3772 1337 3859 loquamur.'
