2866 4110
284 123 322 184 12
512 137 624 222 LIBER
643 137 664 190 1.
702 135 784 190 CAP.
799 140 908 192 10-11.
945 141 960 201 ξ
977 139 1089 192 44-48.

282 330 404 376 000000.
430 310 507 375 satis
535 309 567 373 id
595 317 643 374 est
669 291 821 393 magnum
848 310 932 392 quod
959 317 1050 394 potes
1077 317 1254 394 praestare:
1286 318 1321 376 ut

281 415 314 479 in
329 413 454 479 iudiciis
474 435 512 479 ea
535 433 632 478 causa
655 434 885 495 quamcumque
908 421 942 478 tu
965 413 1044 480 dicis
1067 414 1177 479 melior
1199 415 1231 480 et
1253 437 1322 499 pro·
1401 443 1402 456 ,

281 517 416 584 habilior
438 537 507 584 esse
523 517 684 602 videatur3
708 523 743 582 ut
765 517 798 581 in
822 519 1020 584 contionibus
1044 525 1076 583 ot
1098 519 1131 582 in
1154 519 1321 590 sententiis

281 621 425 687 dicendis
455 621 497 685 ad
527 619 782 705 persuadendum
805 627 860 686 tua
882 621 1051 705 plurimum
1074 623 1179 687 valcat
1202 623 1331 706 oratic,
1383 605 1386 614 ⁵

281 725 418 807 denique
440 732 475 789 ut
497 724 706 809 prudentibus
726 725 851 807 diserte,
869 726 972 790 stultis
988 725 1083 790 etiam
1098 746 1174 791 vere
1189 726 1322 792 videare
1341 747 1356 794 o

281 828 394 893 dicere.
419 828 479 893 boc
493 828 629 913 amplius
644 829 670 895 si
687 829 763 912 quid
778 830 906 913 poteris,
922 850 984 894 non
1006 829 1039 894 id
1062 829 1139 894 mihi
1161 830 1322 896 videbitur

281 939 394 1013 orator,
418 931 473 996 scd
498 933 630 998 Crassus
660 953 717 998 sua
748 931 884 1015 quadam
915 933 1051 1020 propria,
1075 953 1138 998 non
1163 937 1322 999 communi

283 1042 440 1100 oratorum
463 1035 613 1100 facultate
635 1033 750 1125 posse.³

230 1115 264 1234 ᾖ
386 1141 468 1204 Tum
494 1139 547 1203 ille
573 1144 646 1204 ‘non
669 1134 749 1205 sum'
772 1140 874 1222 inquit
896 1132 1043 1221 ί0000100,
1068 1141 1230 1222 Scaevola,
1258 1142 1320 1207 ista

282 1243 365 1307 inter
380 1243 518 1308 Graecos
533 1242 596 1308 dici
612 1250 643 1309 ot
665 1242 835 1327 disceptari
859 1243 968 1310 solere.
999 1242 1109 1308 audivi
1132 1245 1217 1310 enim
1240 1265 1322 1310 sum·
1342 1266 1373 1312 ro

282 1365 349 1411 mos
364 1345 518 1427 homines,
536 1367 607 1411 oum
624 1354 770 1429 quaestor
791 1367 832 1412 cx
848 1346 1035 1412 Macedonia
1050 1348 1209 1413 venissem
1225 1347 1322 1413 Athe-

215 1453 218 1458 ’
282 1471 350 1531 nas,
367 1449 498 1515 florente
513 1449 695 1531 Academia,
711 1458 746 1515 ut
765 1451 958 1535 temporibus
980 1451 1042 1516 illis
1054 1451 1233 1533 terebatur,
1250 1472 1321 1517 cum

228 1561 229 1564 ’
263 1576 353 1623 ‚eam
370 1547 565 1622 Charmadas
589 1562 620 1620 et
636 1556 849 1622 Clitomachus
872 1563 903 1622 et
925 1556 1101 1623 Aeschines
1123 1557 1320 1626 obtinebant.

283 1666 350 1723 crat
377 1659 474 1723 etiam
501 1658 706 1741 Metrodorus,
730 1660 784 1741 qui
815 1680 886 1724 oum
916 1661 977 1726 illis
1008 1681 1072 1725 una
1099 1661 1203 1744 ipsum
1234 1660 1322 1726 illum

283 1763 479 1828 Carneadem
502 1763 685 1847 diligentius
706 1763 860 1845 audierat,
877 1763 1037 1854 hominem
1059 1764 1199 1832 omnium
1221 1765 1255 1828 in
1278 1763 1322 1828 di·
1343 1785 1374 1830 15

283 1865 392 1945 condo,
409 1874 443 1931 ut
465 1867 620 1948 ferebant,
636 1868 824 1933 acerrimum
840 1875 872 1933 et
891 1868 1156 1952 copiosissimum,
1181 1867 1323 1951 vigebat-

283 1991 345 2052 que
367 1971 491 2034 auditor
505 1972 651 2036 Panaetii
674 1972 756 2037 illius
779 1973 825 2036 tui
840 1971 1045 2037 Mnesarchus
1068 1979 1100 2036 et
1119 1971 1323 2054 Peripatetici

231 2095 265 2142 lo
285 2075 412 2140 Critolai
435 2072 600 2141 Diodorus.
646 2076 736 2141 multi
764 2082 855 2141 erant
882 2082 1047 2158 praeterea
1069 2075 1146 2138 clari
1168 2074 1200 2137 in
1225 2074 1323 2158 philo-

284 2178 395 2262 sophia
418 2185 449 2242 et
472 2178 640 2261 nobiles,a
661 2180 774 2260 quibus
797 2178 949 2244 omnibus·
966 2197 1030 2241 una
1052 2195 1155 2259 paene
1178 2196 1255 2242 voce
1279 2199 1324 2243 rc-

283 2282 358 2366 pelli
381 2287 536 2346 oratorem
559 2302 579 2345 a
601 2275 824 2365 gubernaculis
847 2280 1020 2360 civitatum,
1037 2279 1165 2343 excludi
1180 2279 1220 2344 ab
1237 2283 1322 2346 omni
1343 2301 1375 2349 ao

284 2384 427 2450 doctrina
453 2405 621 2466 rerumque
648 2386 800 2449 maiorum
827 2385 961 2448 scicntia
984 2403 1022 2448 ao
1044 2389 1166 2448 tantum
1189 2385 1224 2448 in
1245 2385 1325 2450 iudi-

284 2489 334 2554 cia
364 2495 395 2553 et
425 2488 641 2553 contiunculas
671 2494 833 2569 tamquam
863 2487 896 2551 iu
926 2486 1055 2569 aliquod
1079 2486 1249 2571 pistrinum
1272 2489 1324 2554 dc·

232 2614 266 2662 47
284 2592 369 2658 nudi
393 2599 424 2658 et
447 2593 605 2676 compingi
628 2591 786 2656 videbam.
832 2590 888 2656 sed
912 2610 972 2675 ego
994 2611 1097 2673 neque
1124 2592 1185 2657 illis
1212 2591 1324 2657 adsen-

284 2698 387 2763 tiebar
413 2716 516 2778 neque
543 2696 655 2761 harum
681 2694 930 2777 disputationum
953 2694 1111 2760 inventori
1134 2702 1165 2761 ot
1187 2696 1324 2780 principi

237 2855 255 2884 „
284 2801 378 2884 longe
406 2799 545 2865 omnium
572 2801 606 2863 in
632 2798 767 2863 dicendo
790 2798 978 2882 gravissimo
1001 2805 1033 2864 et
1055 2799 1322 2882 eloquentissimo,
1343 2819 1376 2866 as

229 2953 233 2956 -
284 2905 418 2986 Platoni,
453 2904 539 2969 cuius
570 2911 637 2968 tum
664 2901 799 2966 Athenis
830 2923 900 2967 cum
932 2901 1110 2969 Charmada
1140 2903 1324 2987 diligentius

285 3009 348 3092 legi
371 3009 538 3093 Gorgiam5
571 3027 632 3090 quo
662 3007 695 3070 in
726 3006 805 3071 libro
835 3006 868 3070 in
890 3006 958 3072 'hoc
981 3006 1120 3071 maxime
1143 3005 1324 3070 admirabar·

285 3113 459 3193 Platonem,
480 3109 563 3194 quod
586 3111 663 3176 mihi
687 3107 742 3197 [in]
767 3110 942 3176 oratoribus
964 3108 1139 3175 inridendis
1161 3110 1230 3193 ipsc
1253 3110 1337 3175 0000Ι

286 3223 389 3282 orator
411 3237 553 3282 summus
575 3215 751 3281 videbatur.
798 3215 888 3279 verbi
916 3215 1000 3279 onim
1024 3214 1238 3279 controversia
1261 3213 1325 3277 iam

287 3320 340 3385 diu
371 3326 495 3402 torquet
525 3318 696 3386 Graeculos
726 3318 870 3384 homines
902 3317 1112 3382 contentionis
1146 3316 1324 3401 cupidiores
1345 3336 1378 3384 30

234 3443 267 3492 40
286 3444 381 3506 quam
400 3424 551 3490 veritatis.
587 3444 661 3489 nam
684 3423 711 3488 si
734 3421 804 3505 quis
827 3421 911 3486 hunc
933 3421 1043 3485 statuit
1066 3440 1136 3486 0000
1159 3427 1324 3502 oratorem,

136 3611 139 3618 ,
287 3527 340 3611 qui
367 3527 584 3594 tantummodo
611 3528 645 3592 in
668 3528 735 3592 iure
758 3534 813 3592 aut
836 3525 868 3591 in
892 3523 1017 3589 iudiciis
1040 3523 1139 3608 possit
1162 3530 1217 3588 aut
1238 3523 1326 3607 apud

222 3643 225 3650 ’
285 3632 436 3717 populum
465 3639 521 3697 aut
550 3632 583 3698 in
615 3638 728 3699 senatu
759 3631 886 3715 copiose
915 3628 1010 3710 loqui,
1039 3633 1145 3691 tamen
1169 3626 1241 3691 huie
1264 3627 1325 3710 ipsi

286 3736 385 3800 multa
404 3736 522 3802 tribuat
545 3745 576 3803 et
600 3735 752 3803 concedat
775 3751 906 3799 neccsse
931 3736 986 3796 est.
1022 3729 1233 3811 nequeenim
1257 3730 1326 3794 sine
1401 3799 1402 3820 ,
