2834 4110
284 189 345 254 148
489 205 600 260 amna
619 205 656 260 11.
689 203 896 260 cnam-ra
934 204 1116 272 §ase-noa.

281 379 363 445 risus
394 386 568 444 moventur.
622 378 729 460 itaque
763 376 954 443 imbuendus
988 381 1036 441 est
1069 377 1097 442 is
1131 375 1184 458 qui
1217 372 1316 437 iocose

281 470 366 549 volet
382 483 488 548 dicere
505 483 595 564 quasi
611 489 723 546 natura
739 480 876 564 quadam
891 487 968 564 apta
988 479 1029 544 ad
1050 478 1130 544 haec
1152 496 1265 562 genera
1284 483 1317 540 et

281 587 430 668 moribus,
449 593 484 651 ut
498 586 541 651 ad
558 585 709 668 cuiusque
731 584 818 650 modi
839 603 940 668 genus
962 583 1087 648 ridiculi
1109 584 1212 649 voltus
1228 582 1317 647 etiam
1402 567 1403 642 l

281 689 553 774 adcommodatum
570 690 624 772 qui
636 688 763 771 quidem
776 709 837 770 quo
850 688 988 754 severior
1000 693 1049 752 est
1061 693 1092 752 et
1104 686 1228 767 tristior,
1243 692 1273 750 ut
1282 685 1317 748 in
1402 719 1403 754 i

281 801 322 876 te,
348 796 471 874 Crasse,
494 794 554 859 hoe
576 794 631 857 illa
655 812 735 875 quae
762 791 910 856 dicuntur
933 791 1063 857 salsiora
1086 789 1353 856 vicensumas
1402 831 1403 838 .

212 912 263 959 aoo
387 896 451 963 Sed
473 897 537 961 iam
559 904 603 978 tu,
627 895 755 976 Antoni,
780 896 834 976 qui
863 894 924 959 hoc
954 893 1135 959 deversorio
1171 891 1319 959 sermonis
1402 949 1403 954 ,

283 1001 345 1064 mei
368 1000 504 1064 libenter
534 999 756 1082 adquieturum
785 1005 818 1062 te
841 1017 911 1063 esse
942 997 1061 1079 dixisti,
1097 1004 1257 1079 tamquam
1283 995 1319 1059 in

282 1103 486 1187 Pomptinum
509 1102 692 1182 deverteris,
716 1121 820 1183 neque
843 1121 1012 1167 amoenum
1033 1120 1139 1183 neque
1167 1101 1320 1166 salubrem
1402 1121 1403 1178 q

283 1206 397 1286 locum,
429 1226 543 1271 censeo
573 1211 608 1269 ut
639 1205 715 1270 satis
746 1203 800 1269 diu
831 1211 862 1269 te
885 1212 977 1289 putes
1007 1205 1170 1286 requiesse
1204 1211 1234 1269 et
1263 1204 1320 1267 iter
1402 1213 1403 1306 p

283 1309 438 1390 reliquum
462 1309 616 1376 conficere
639 1304 776 1392 pergas'
814 1301 885 1392 ‘ego
909 1328 994 1388 vero,
1018 1315 1114 1390 atque
1137 1307 1236 1373 hilare
1259 1307 1371 1390 qui-10
1402 1315 1403 1324 ’

284 1411 356 1476 dem
379 1433 399 1476 a
421 1420 452 1477 tc
475 1409 635 1496 acceptus³
658 1412 761 1494 inquit
783 1404 826 1476 ‘et
856 1431 926 1476 curn
961 1410 1081 1476 doctior
1112 1432 1169 1495 per
1195 1417 1228 1476 tc
1258 1417 1321 1474 tum

285 1516 380 1580 ctiam
403 1516 552 1580 audacior
574 1515 678 1580 factus
700 1516 764 1580 iam
787 1515 830 1580 ad
852 1515 1029 1580 iocandum.
1076 1536 1141 1581 non
1165 1516 1250 1579 enim
1274 1535 1322 1580 ve-

194 1691 195 1694 ,
284 1640 354 1684 reor
377 1640 418 1684 ne
442 1621 511 1701 quis
534 1640 585 1684 me
607 1620 640 1683 in
664 1620 724 1684 isto
747 1639 866 1703 genere
888 1619 1040 1685 leviorem
1055 1619 1119 1682 iam
1135 1625 1236 1702 putet,
1253 1638 1324 1701 quo-

284 1724 371 1788 niam
402 1723 530 1805 quidem
558 1730 593 1787 tu
622 1722 786 1788 Fabricios
819 1722 897 1786 mihi
924 1729 1068 1787 auctores
1096 1727 1128 1786 et
1157 1722 1324 1787 Africanos

214 1844 263 1896 291
283 1828 441 1893 Maximus
476 1828 613 1894 Catones
647 1825 786 1910 Lepidos
820 1827 986 1911 protulisti.
1032 1825 1089 1891 sed
1123 1825 1250 1891 habetis
1288 1847 1324 1891 ea
1343 1831 1371 1878 15
1402 1855 1403 1914 p

286 1950 367 2014 quae
391 1931 534 1996 voluistis
558 1950 599 1994 ex
622 1950 673 1994 me
697 1928 816 2010 audire,
841 1928 881 1994 de
904 1929 1019 2011 quibus
1043 1928 1173 2012 quidem
1196 1930 1325 1997 adcura-
1402 1933 1403 2018 ξ

284 2036 345 2100 tius
368 2033 538 2099 dicendum
562 2042 593 2098 et
617 2031 820 2117 cogitandum
843 2033 912 2098 fuit.
959 2053 1034 2098 nam
1054 2040 1160 2098 cetera
1184 2034 1326 2100 faciliora
1402 2021 1403 2046 l

285 2146 357 2203 sunt
379 2145 475 2220 atque
499 2159 540 2203 ex
563 2139 602 2204 iis
626 2158 707 2221 quae
730 2136 815 2201 dicta
838 2144 911 2201 sunt
932 2138 1245 2219 reliquanaseuntur
1266 2160 1325 2204 om-

226 2255 260 2308 ia
284 2243 346 2307 nia.
395 2241 563 2326 egoenim
591 2262 661 2306 curn
692 2240 735 2305 ad
765 2259 893 2306 eausam
926 2260 995 2304 sum
1025 2239 1196 2323 adgressus
1231 2249 1326 2324 atque

284 2346 390 2409 omnia
414 2344 591 2428 cogitando,
617 2343 721 2427 quoad
744 2343 850 2408 facere
872 2344 969 2428 potui,
993 2351 1187 2427 persecutus,
1205 2365 1277 2410 curn
1294 2354 1324 2410 et
1341 2350 1371 2398 ‘20
1402 2419 1403 2432 ,

284 2454 473 2530 argumenta
504 2467 618 2513 causac
651 2453 682 2512 et
711 2467 764 2513 eos
790 2448 875 2513 locos
905 2449 1020 2529 quibus
1053 2437 1151 2512 animi
1185 2448 1325 2515 iudicum
1402 2513 1403 2520 ,

285 2551 493 2615 conciliantur
516 2556 547 2616 et
576 2550 645 2616 illos
677 2551 790 2632 quibus
813 2557 1036 2635 permoventur
1058 2550 1125 2616 uidi
1152 2558 1250 2634 atque
1279 2575 1326 2619 co·
1402 2609 1403 2628 ,

284 2655 390 2738 gnevi,
415 2660 481 2718 tum
513 2654 667 2719 constituo
699 2653 775 2736 quid
797 2654 916 2719 habeat
940 2675 1036 2720 causa
1070 2675 1216 2736 quaeque
1240 2658 1325 2738 boni,

286 2757 362 2839 quid
385 2757 468 2821 mali.
514 2758 601 2821 nulla
624 2759 709 2822 enim
733 2758 799 2822 fere
822 2764 926 2843 potest
942 2777 992 2822 res
1008 2757 1041 2822 in
1058 2757 1185 2822 dicendi
1206 2759 1326 2845 discep-

286 2861 438 2925 tationem
472 2867 527 2925 aut
561 2861 807 2927 controversiam
846 2861 952 2927 vocari
987 2876 1077 2944 quae·
1106 2882 1170 2926 non
1208 2861 1326 2929 habeat
1344 2877 1374 2924 ao

215 2987 265 3034 aaa
284 2971 462 3046 utrumque,
487 2963 543 3028 scd
567 2971 719 3046 quantum
748 2964 875 3046 habeat,
906 2963 939 3028 id
962 2963 1067 3028 refert.
1119 2984 1192 3029 mea
1219 2974 1325 3032 autem

263 3068 364 3132 ‘ratio
388 3067 468 3132 haec
491 3087 560 3132 esse
583 3067 616 3130 in
639 3067 775 3132 dicendo
798 3069 885 3148 solet,
920 3075 963 3149 ut,
992 3069 1068 3133 boni
1091 3067 1175 3149 quod
1197 3068 1324 3152 habeat,

286 3170 318 3234 id
352 3172 526 3254 amplectar
562 3191 714 3236 exornem
753 3192 956 3255 exaggerem,
988 3172 1034 3237 ibi
1067 3193 1251 3255 commorer,
1282 3175 1324 3239 ibi
1402 3187 1403 3228 1

285 3274 436 3356 habitem,
460 3275 505 3340 ibi
527 3274 694 3359 haeream,
730 3296 750 3338 a
782 3276 866 3340 malo
896 3282 1002 3339 autem
1036 3276 1176 3358 vitioque
1211 3298 1323 3344 causae
1402 3313 1403 3316 ¹

285 3379 329 3443 ita
352 3379 509 3459 recedam,
541 3399 605 3443 non
634 3385 670 3442 ut
699 3378 732 3442 id
763 3399 813 3444 me
844 3378 995 3462 defugere
1018 3385 1180 3463 appareat,
1212 3381 1270 3446 sed
1292 3391 1324 3446 ut
1341 3397 1374 3446 30

285 3488 384 3546 totum
409 3484 491 3548 bono
514 3482 567 3548 illo
590 3481 732 3546 ornando
756 3488 787 3546 et
802 3481 948 3565 augendo
964 3481 1196 3546 dissimulatum
1216 3485 1324 3550 obrua-

285 3592 343 3649 tur.
392 3593 432 3667 et,
457 3586 483 3652 si
507 3606 602 3650 causa
625 3592 672 3650 est
696 3586 729 3649 in
752 3585 957 3668 argumentis,
980 3585 1161 3651 firmissima
1181 3607 1324 3672 quaeque
1402 3595 1403 3678 l

285 3689 425 3753 maxime
448 3696 545 3768 tueor,
570 3688 637 3752 sive
660 3688 751 3772 plura
781 3697 853 3754 sunt
876 3689 944 3754 sive
972 3689 1099 3772 aliquod
1129 3711 1246 3776 unum3
1277 3693 1323 3758 sin
1402 3703 1403 3776 j

285 3797 391 3854 autem
414 3791 447 3854 in
471 3791 689 3855 conciliatione
712 3793 822 3856 autin
845 3792 1041 3875 permotione
1072 3813 1168 3858 causa
1195 3802 1254 3877 est,
1284 3797 1322 3861 ad
1402 3817 1403 3824 ¹
