2866 4110
289 213 330 278 68
506 229 620 284 LIBER
638 229 659 284 Ι.
690 230 773 284 CAP.
787 233 898 286 61-62.
929 235 944 296 ᾗ
962 232 1107 287 aco-264.

289 403 428 469 studium
451 403 550 486 fuisse
572 410 743 486 tantusque
765 404 855 469 labor
874 403 999 484 dicitur,
1015 409 1049 468 ut
1071 403 1209 488 primum
1233 403 1342 488 impe·

289 506 431 572 dimenta
453 515 586 573 naturae
610 507 776 591 diligentia
798 507 1017 589 industriaque
1040 512 1222 591 superaret,
1248 527 1331 572 cum-

277 631 350 694 ·que
379 611 425 676 ita
454 612 569 677 balbus
599 618 693 692 esset,
716 616 752 675 ut
782 611 849 675 eius
878 611 986 695 ipsius
1008 611 1085 676 artis
1114 610 1163 675 oui
1188 611 1332 676 studeret

289 715 422 799 primam
453 715 591 780 litteram
621 733 684 778 non
714 721 822 799 posset
850 713 965 794 dicere,
988 713 1121 798 perfecit
1143 713 1330 780 meditando

219 832 269 880 aar
289 823 328 900 ut
357 837 450 882 nemo
483 817 609 901 planius
643 837 713 882 esse
747 817 868 883 locutus
901 823 1078 902 putaretur;
1113 816 1231 882 deinde
1259 835 1360 883 cums

291 920 420 1004 spiritus
442 920 510 984 eius
534 926 617 985 esset
639 920 814 1004 angustior,
845 926 970 985 tantum
1001 919 1195 985 continenda
1221 920 1332 988 anima

289 1023 323 1086 in
347 1021 481 1087 dicendo
504 1028 553 1088 est
571 1022 750 1104 adsecutus,
767 1029 801 1087 ut
816 1044 881 1088 una
896 1023 1133 1088 continuatione
1148 1024 1331 1104 verborum,

290 1125 323 1189 id
354 1125 439 1207 quod
472 1126 541 1191 eius
570 1126 688 1210 scripta
720 1124 893 1208 declarant,
927 1127 1023 1192 binae
1053 1127 1082 1191 ei
1110 1128 1333 1193 contentiones

289 1228 378 1294 ¹vocis
402 1235 433 1293 et
456 1228 659 1294 remissiones
682 1229 934 1315 continerentur,
959 1230 1013 1312 qui
1036 1229 1142 1311 etiam,
1165 1237 1201 1294 ut
1216 1250 1333 1296 mamo-

289 1332 356 1397 riae
378 1331 537 1416 proditum
560 1338 616 1413 est,
640 1333 790 1398 coniectis
819 1334 853 1397 in
883 1353 919 1398 os
947 1334 1075 1398 calculis
1102 1353 1227 1398 summa
1253 1354 1333 1399 voce
1350 1353 1377 1400 tc

290 1455 401 1501 versus
424 1435 538 1500 multos
560 1455 624 1500 uno
647 1436 760 1520 spiritu
781 1436 986 1520 pronuntiare
1017 1438 1257 1518 consuescebat,
1280 1458 1333 1502 nc

292 1558 353 1621 que
376 1539 404 1604 is
427 1538 603 1604 consistens
624 1538 658 1603 in
681 1539 759 1620 loco,
784 1539 841 1604 sed
862 1540 1064 1605 inambulans
1084 1545 1180 1622 atque
1196 1560 1332 1616 ascensu

179 1628 182 1632 ⁵
222 1657 272 1704 aaa
291 1642 474 1727 ingrediens
496 1641 603 1707 arduo.
650 1642 737 1708 hisce
760 1663 819 1727 ego
842 1643 1119 1725 cohortationibus,
1144 1644 1271 1725 Crasse,
1291 1644 1332 1708 ad

292 1746 430 1810 studium
461 1752 492 1811 et
522 1745 564 1810 ad
585 1746 726 1812 laborem
755 1746 934 1811 incitandos
964 1746 1096 1812 iuvenes
1125 1747 1333 1812 vehementer

292 1850 465 1934 adsentior;
498 1855 604 1915 cetera
634 1869 716 1932 quae
747 1849 912 1932 conlegisti
943 1870 983 1914 ex
1006 1850 1104 1915 variis
1135 1856 1167 1915 et
1197 1849 1332 1916 diversis
1352 1869 1379 1918 15

292 1954 405 2019 studiis
427 1960 460 2020 et
482 1953 611 2035 artibuS,
635 1953 762 2019 tametsi
784 1953 854 2037 ipse
882 1973 917 2017 es
939 1953 1045 2017 omnia
1068 1959 1267 2036 consecutus,
1290 1961 1333 2018 ta-

292 2079 365 2122 men
395 2058 438 2122 ab
465 2056 598 2121 oratoris
626 2057 753 2141 proprio
774 2055 886 2121 officio
911 2062 1008 2138 atque
1030 2077 1161 2122 munere
1189 2057 1334 2123 seiuncta
1377 2077 1387 2090 ·
1420 2075 1421 2100 ι

293 2179 362 2225 osse
384 2156 540 2224 arbitror.³
1196 2219 1199 2225 .

230 2273 269 2326 62
396 2264 486 2326 Haec
512 2282 584 2326 cum
610 2261 767 2327 Antonius
794 2262 938 2344 dixisset,
966 2283 1044 2352 sane
1072 2262 1218 2328 dubitare
1246 2264 1333 2330 visus
1420 2275 1421 2330 l

293 2369 342 2430 est
362 2364 520 2448 Sulpicius
540 2370 572 2428 et
591 2365 684 2429 Cotta
705 2365 805 2428 utrius
828 2366 927 2432 oratio
949 2367 1079 2450 propius
1100 2366 1143 2430 ad
1165 2367 1332 2434 veritatem
1351 2388 1382 2436 oo
1420 2399 1421 2424 ι

223 2461 273 2530 acc
292 2466 453 2532 videretur
467 2467 627 2531 accedere.
659 2472 727 2530 tum
743 2467 890 2532 Crassus:
911 2463 1099 2553 ‘operarium
1121 2470 1215 2535 nobis
1238 2491 1333 2553 quen·
1420 2493 1421 2548 ι

122 2569 124 2574 ’
293 2569 376 2651 darn,
400 2571 527 2651 Antoni,
551 2575 706 2635 oratorem
733 2569 822 2652 facis,
851 2578 948 2654 atque
975 2572 1062 2637 haud
1089 2572 1153 2637 scio
1177 2594 1220 2638 an
1243 2574 1334 2640 aliter
1420 2565 1421 2576 ³

292 2674 412 2740 sentias
434 2679 466 2739 et
488 2680 577 2738 utare
600 2679 655 2737 tua
676 2673 731 2738 illa
752 2674 885 2738 mirifica
906 2675 950 2740 ad
970 2675 1178 2742 refellendum
1204 2695 1334 2744 consue·

295 2778 414 2860 tudine,
438 2798 502 2860 qua
523 2778 581 2843 tibi
602 2797 696 2842 nemo
718 2798 869 2860 umquam
891 2780 1065 2864 praestitit,
1093 2780 1182 2846 cuius
1205 2780 1334 2863 quidem

294 2882 394 2968 ipsius
417 2880 576 2946 facultatis
599 2881 783 2946 exercitatio
807 2888 966 2947 oratorum
981 2883 1108 2968 propria
1122 2889 1181 2964 est,
1198 2883 1257 2949 sed
1271 2885 1333 2950 iam
1354 2904 1385 2954 as

295 2988 327 3051 in
339 2985 597 3070 philosophorum
610 2985 837 3050 consuetudine
849 2992 993 3052 versatur
1008 2987 1211 3068 maximeque
1227 3007 1334 3054 eorum

296 3091 350 3172 qui
373 3089 413 3156 de
436 3089 521 3154 omni
543 3109 577 3154 re
600 3089 761 3172 proposita
783 3089 816 3153 in
839 3095 1005 3171 utramque
1028 3096 1150 3174 partem
1169 3090 1273 3158 solent
1288 3112 1335 3156 co·

227 3207 278 3256 264
295 3194 473 3279 piosissime
497 3193 611 3258 dicere.
649 3211 760 3256 verum
782 3211 842 3275 ego
864 3213 929 3257 non
952 3194 1052 3258 solum
1075 3193 1263 3277 arbitrabar,
1286 3194 1335 3258 his

296 3298 482 3384 praesertim
508 3295 722 3377 audientibus,
744 3315 765 3359 a
791 3315 842 3360 me
872 3296 1035 3361 informari
1061 3303 1206 3380 oportere
1234 3299 1335 3381 qualis

296 3423 366 3468 esso
388 3407 496 3487 posset
518 3402 546 3465 is
568 3399 623 3483 qui
646 3399 805 3464 habitaret
824 3391 857 3464 in
874 3400 1031 3466 subselliis
1045 3419 1150 3482 neque
1166 3401 1334 3485 quicquam
1354 3423 1389 3470 ao

296 3507 432 3589 amplius
459 3503 597 3568 adferret
624 3521 719 3585 quam
743 3502 826 3584 quod
850 3522 1015 3567 causarum
1037 3503 1210 3570 necessitas
1232 3513 1335 3589 postu-

296 3609 386 3688 laret,
410 3606 466 3672 sed
488 3607 591 3670 maius
613 3604 764 3687 quiddam
792 3603 951 3686 videbam,
980 3624 1051 3670 cum
1079 3607 1249 3672 censebam
1271 3629 1336 3674 ora-

297 3718 407 3790 torem,
423 3710 608 3792 praesertim
630 3709 664 3772 in
687 3714 794 3773 nostra
816 3726 850 3770 re
872 3707 1008 3790 publica,
1025 3708 1141 3772 nullius
1160 3712 1337 3778 ornamenti

298 3820 464 3897 expertem
495 3831 564 3877 esse
594 3817 748 3896 oportere.
803 3815 836 3872 tu
867 3814 990 3890 autem,
1024 3811 1173 3892 quoniam
1209 3814 1336 3898 exiguis
