2836 4114
316 205 428 260 amaa
440 205 492 260 111.
516 204 726 262 careo-31.
750 207 923 270 suc-ma
1074 189 1137 254 201

96 399 138 444 ao
161 377 288 450 tributa.
334 398 417 444 nuno
439 378 482 444 ad
504 381 628 463 reliqua
648 381 833 465 progrediar
847 400 961 463 meque
976 378 1017 446 ad
1032 401 1139 446 meum

95 502 217 548 munus
248 503 444 568 pensumque
477 486 642 551 revocabo.
699 504 775 549 nam
805 505 846 550 ex
876 485 938 551 iflis
960 485 1037 551 locis
1060 504 1139 568 quos

96 587 249 672 exposuit
270 588 426 654 Antonius
449 589 556 654 omnia
578 587 715 655 suntad
741 608 885 672 quaeque
907 609 1027 672 genera
1046 610 1139 672 quae-

96 691 238 757 stionum
264 698 452 776 argumenta
481 693 652 778 sur'nenda3
689 691 745 759 sed
780 693 851 759 aliis
880 693 1051 778 generibus
1084 693 1140 758 alii

61 809 76 855 5
95 796 161 863 loci
184 797 286 881 magis
309 803 399 862 emnt
421 798 506 882 apti3
529 797 570 863 de
596 816 659 880 quo
681 817 746 862 non
768 802 834 862 tam
857 798 931 881 quia
944 797 1075 882 longum
1091 803 1140 863 est

97 920 198 983 quam
219 900 295 982 quia
317 901 517 985 perspicuum
539 907 597 982 est,
621 900 685 966 dici
708 900 788 966 nihil
810 907 858 967 est
880 920 1022 967 necesse.

204 1003 432 1070 Ornatissimae
454 1011 528 1071 sunt
550 1006 646 1090 igitm
677 1006 835 1071 orationes
865 1026 921 1072 eae
944 1025 1026 1088 quae
1056 1005 1208 1072 latis-120

97 1109 182 1174 sime
202 1114 359 1192 vagantur
381 1115 413 1174 et
435 1129 455 1174 a
477 1109 604 1195 privata
628 1116 660 1174 et
684 1107 723 1198 [a]
750 1110 902 1194 singulari
925 1110 1140 1176 controversia

97 1233 134 1278 se
161 1211 205 1276 ad
233 1212 374 1278 universi
403 1213 529 1297 generis
561 1214 627 1278 vim
659 1213 882 1297 explicandam
912 1213 1079 1280 conferunt
1108 1220 1140 1279 et

49 1336 79 1384 ro
98 1322 299 1398 convertunt,
322 1323 357 1381 ut
379 1317 408 1382 ei
431 1318 485 1400 qui
507 1316 641 1383 audiant
663 1323 777 1382 natura
807 1324 838 1383 et
866 1338 984 1402 genere
1016 1324 1047 1382 et
1073 1319 1140 1383 uni·

9 1494 12 1503 ,
97 1441 192 1488 versa
212 1443 247 1487 re
270 1421 397 1506 cognita
421 1421 460 1487 de
482 1423 616 1507 singulis
637 1422 701 1488 reis
724 1429 756 1487 et
778 1422 962 1488 criminibus
984 1428 1016 1488 θῖ
1030 1422 1140 1488 litibus

97 1533 237 1592 statuere
259 1526 390 1610 possint.
435 1526 519 1592 hanc
540 1527 582 1592 ad
616 1526 876 1593 consuetudinem
904 1526 1140 1592 exercitationis
1159 1535 1207 1583 121

10 1684 11 1738 ,
96 1650 167 1711 vos,
200 1629 431 1712 adulescentes,
464 1636 512 1696 est
542 1631 722 1697 cohortatus
745 1631 902 1696 Antonius
924 1635 1020 1713 atque
1042 1651 1063 1694 a
1085 1630 1139 1694 mi-

10 1781 11 1788 ,
97 1734 185 1800 nutis
212 1735 419 1818 angustisque
450 1735 736 1802 concertationibus
764 1735 806 1800 ad
836 1755 962 1800 omnem
992 1733 1057 1799 vim
1087 1753 1139 1798 va-

10 1815 14 1837 *
51 1856 80 1904 re
98 1840 308 1921 rietatemque
330 1858 388 1904 vos
410 1837 588 1905 disserendi
610 1838 822 1905 traducendos
843 1839 976 1923 putavit.
1023 1857 1140 1921 quare

98 1964 165 2010 non
181 1949 230 2009 est
244 1963 416 2028 paucorum
430 1943 605 2010 libellorum
620 1943 681 2009 hoc
696 1964 820 2025 munus,
836 1950 872 2008 ut
894 1944 916 2009 ii
940 1942 993 2026 qui
1010 1945 1140 2028 scripse-

12 2048 17 2061 '
97 2054 173 2112 runt
206 2046 247 2112 de
279 2045 406 2112 dicendi
437 2049 559 2113 ratione
592 2048 794 2129 arbitrantur,
829 2068 934 2131 neque
968 2047 1141 2113 Tusculani

13 2206 18 2237 ,
98 2158 196 2234 atque
229 2151 323 2216 huius
359 2152 582 2217 ambulationis
618 2152 888 2218 antemeridianae
922 2158 977 2218 aut
1014 2157 1141 2217 nostrae

98 2254 368 2340 postmeridianae
390 2256 548 2322 sessionis.
584 2276 649 2321 non
672 2257 757 2323 enim
773 2255 874 2321 solum
889 2255 1034 2322 acuenda
1049 2255 1141 2322 nobis

51 2375 82 2422 ao
99 2380 205 2442 neque
226 2358 430 2445 procudenda
452 2360 561 2444 lingua
584 2366 641 2441 est,
674 2359 730 2426 sed
761 2361 957 2426 onerandum
985 2359 1140 2443 complen-

99 2465 240 2547 dumque
262 2470 373 2549 pectus
396 2465 606 2530 maximarum
629 2485 734 2530 rerum
757 2472 789 2531 et
810 2465 1016 2550 plurimarum
1039 2465 1141 2530 suavi-

98 2575 166 2634 tate
188 2569 280 2653 oopia
302 2569 464 2634 varietate.
510 2575 618 2635 nostra
641 2575 689 2636 cst
712 2570 797 2635 enim
828 2609 870 2617 -
901 2571 929 2637 si
958 2569 1052 2636 modo
1082 2590 1141 2636 nos
1160 2537 1209 2661 ,32¹2

100 2677 251 2754 oratores,
275 2672 302 2738 si
323 2673 357 2737 in
387 2673 503 2737 civium
536 2672 830 2758 disceptationibus,
862 2675 889 2740 si
918 2675 952 2739 in
981 2674 1140 2760 periculis,

101 2777 130 2843 si
151 2777 185 2842 in
208 2776 488 2843 deliberationibus
510 2776 647 2862 publicis
662 2777 837 2844 adhibendi
852 2785 996 2846 auctores
1012 2784 1044 2844 et
1058 2779 1141 2863 prin-

51 2894 82 2940 aa
101 2881 188 2965 cipes
210 2901 318 2947 sumus
341 2918 382 2928 -
404 2888 514 2948 nostra
529 2888 586 2963 est,
602 2882 744 2965 inquam,
760 2884 862 2949 omnis
878 2884 940 2949 ista
954 2883 1141 2969 prudentiae

101 2984 325 3068 doctrinaeque
347 2986 515 3069 possessio,
538 2985 572 3064 in
597 3006 692 3068 quam
714 2985 859 3051 homines
882 2987 972 3069 quasi
988 2985 1141 3052 caducam

101 3095 197 3173 atque
220 3109 354 3155 vacuam
376 3089 577 3155 abundantes
610 3091 683 3172 otio,
707 3090 798 3155 nobis
820 3091 992 3176 occupatis,
1023 3090 1140 3154 invola-

102 3199 215 3259 verunt
248 3199 343 3277 atque
376 3194 472 3260 etiam
507 3201 562 3259 aut
594 3195 770 3260 inridentes
806 3202 978 3276 oratorem,
1015 3202 1051 3260 ut
1087 3195 1140 3260 ille

102 3298 136 3362 in
159 3299 277 3383 Gorgia
299 3299 454 3380 Socrates,
485 3299 674 3365 cavillantur
704 3305 760 3364 aut
788 3301 910 3382 aliquid
939 3299 979 3365 de
1010 3299 1141 3366 oratoris

58 3413 87 3463 ³0
104 3409 172 3468 arte
194 3403 305 3487 paucis
326 3402 526 3488 praecipiunt
549 3403 663 3470 libellis
691 3423 807 3486 eosque
833 3403 1005 3470 rhetoricos
1034 3402 1141 3469 inscri-

102 3508 192 3591 bunt,
223 3507 314 3590 quasi
345 3527 409 3571 non
437 3507 492 3572 illa
525 3507 590 3573 sint
622 3509 750 3592 propria
784 3507 953 3590 rhetorum,
974 3525 1066 3600 ¹quae
1099 3510 1141 3575 ab

100 3610 203 3676 isdem
225 3611 266 3676 de
288 3611 419 3692 iustitia,
443 3611 483 3678 de
507 3611 622 3694 officio,
655 3612 695 3678 de
727 3611 909 3678 civitatibus
938 3611 1142 3678 instituendis

102 3721 134 3780 et
155 3715 315 3800 regendis,
340 3715 380 3780 de
403 3717 490 3782 omni
511 3715 653 3797 vivendi,
678 3715 816 3797 denique
839 3715 934 3780 etiam
955 3714 995 3780 de
1010 3720 1143 3782 naturae

103 3819 225 3885 ratione
248 3819 402 3885 dicuntur.
449 3840 531 3902 quae
554 3821 704 3903 quoniam
726 3819 790 3884 iam
812 3819 940 3886 aliunde
956 3841 1020 3888 non
1034 3839 1142 3904 possu-
1161 3830 1210 3879 123
