2866 4110
374 115 526 169 111111.
563 115 770 171 cneco-m.
806 117 950 179 111-15.
1140 97 1182 161 23

116 309 271 371 numero,
300 288 360 370 qui
382 287 437 352 illa
457 309 521 352 non
543 287 725 354 didicissem
753 294 784 352 et
806 294 923 368 tamen,
946 294 981 351 ut
1003 288 1072 371 ipse
1096 287 1179 352 dice-

121 396 191 475 bat,
216 412 358 478 possem
383 391 502 474 aliquid
523 392 556 455 in
579 391 724 473 dicendo,
748 392 936 475 proferebat.
967 411 1098 473 quorum
1122 413 1180 475 ego

125 498 270 563 alterum
299 495 348 559 illi
376 494 469 560 facile
491 495 702 576 adsentiebar,
726 495 805 559 nihil
828 515 878 559 me
902 493 1061 574 didicisse,
1085 495 1118 557 in
1141 496 1183 558 al-

129 608 198 666 tere
222 606 341 664 autem
365 618 416 662 me
438 598 538 663 inludi
560 600 600 663 ab
624 619 661 663 eo
684 605 738 662 aut
765 599 860 664 ctiam
883 599 987 682 ipsum
1010 617 1184 692 errare-ar·
1285 611 1288 616 '

96 706 289 770 abitrabar.
340 707 442 766 artem
475 722 550 766 vero
569 703 723 786 'negabat
756 722 827 767 esse
860 702 971 782 ullam,
1006 701 1067 766 nisi
1102 721 1183 782 quae
1202 723 1235 772 92

133 808 274 892 cognitis
300 806 493 888 penitusque
516 806 690 889 perspectis
713 805 799 869 etin
822 825 920 868 unum
947 805 1068 869 exitum
1096 825 1183 888 spec-

133 911 279 975 tantibus
298 916 333 972 11
349 929 521 991 numquam
535 909 718 974 fallentibus
740 910 835 973 rebus
858 909 1077 973 contineretur.
1103 908 1183 974 haec

134 1020 243 1078 autem
267 1011 381 1078 omnia
404 1032 483 1094 quae
506 1018 715 1077 tractarentur
736 1013 777 1076 ab
801 1013 976 1077 oratoribus
999 1011 1097 1077 dubia
1114 1032 1184 1078 esse

134 1123 165 1181 et
179 1118 324 1198 incerta;
351 1116 498 1196 quoniam
514 1124 544 1180 et
560 1116 738 1180 dicerentur
753 1116 793 1179 ab
815 1115 853 1180 iis
870 1116 923 1198 qui
940 1116 1046 1180 omnia
1063 1136 1101 1180 ea
1116 1137 1181 1181 non

87 1240 117 1286 10
134 1222 230 1304 plane
255 1224 416 1298 tenerent,
440 1224 472 1284 et
493 1219 676 1284 audirentur
699 1220 739 1283 ab
762 1218 801 1282 iis
824 1219 939 1300 quibus
962 1239 1025 1283 non
1049 1221 1184 1284 scientia

137 1331 223 1389 esset
247 1321 419 1403 tradenda,
443 1323 500 1387 sed
522 1324 631 1408 exigui
653 1323 803 1406 temporis
826 1329 880 1387 aut
907 1323 988 1388 falsa
1014 1330 1069 1386 aut
1099 1332 1184 1388 certe

136 1428 274 1493 obscura
298 1425 415 1508 opinio.
461 1426 537 1508 quid
558 1426 683 1491 multa?
717 1427 762 1490 sic
794 1427 872 1491 mihi
899 1433 966 1491 tum
989 1426 1181 1509 persuadere
1200 1448 1234 1494 93

137 1529 321 1609 videbatur,
352 1549 455 1611 neque
485 1530 651 1594 artificium
682 1529 780 1593 ullum
815 1550 884 1596 esse
918 1529 1044 1594 dicendi
1078 1548 1183 1610 neque

140 1653 336 1716 quemquam
359 1652 461 1716 posse,
483 1633 543 1698 nisi
567 1634 621 1716 qui
644 1633 698 1697 illa
719 1654 800 1714 quae
822 1655 842 1698 a
869 1634 1058 1699 doctissimis
1086 1633 1183 1698 homi-

95 1759 123 1806 15
141 1739 235 1802 nibus
266 1737 301 1801 in
333 1735 531 1819 philosophia
560 1736 739 1802 dicerentur
769 1743 952 1820 cognosset,
982 1741 1038 1799 aut
1071 1736 1183 1800 callide
1226 1805 1228 1808 ,

140 1847 194 1904 111
216 1840 346 1923 copiose
369 1838 482 1904 dicere.
529 1841 562 1904 in
590 1840 704 1923 quibus
729 1838 855 1926 [dicere]
881 1839 1076 1904 Charmadas
1106 1841 1182 1905 sole·

143 1943 198 2006 bat
227 1940 396 2026 ingenium
425 1947 522 2024 tuum,
538 1943 671 2023 Crasse,
696 1942 901 2008 vehementer
930 1940 1098 2006 admirari:
1133 1963 1184 2007 me

142 2047 202 2111 sibi
230 2044 417 2129 perfacilem
444 2045 477 2109 in
503 2046 671 2128 audiendo,
695 2052 727 2110 te
754 2066 991 2130 perpugnacem
1017 2044 1183 2129 111111111-
1270 2071 1272 2076 ’

143 2148 237 2214 tando
266 2168 337 2214 esse
365 2148 476 2214 visum.
505 2149 629 2232 itaque
657 2171 717 2234 ego
740 2150 800 2214 hac
823 2148 936 2216 eadem
959 2149 1107 2233 opinione
1130 2150 1182 2214 ad·
1201 2143 1237 2196 21
1316 2189 1323 2200 =

96 2281 127 2328 20
144 2251 255 2318 ductus
279 2252 392 2334 scripsi
414 2252 509 2317 etiam
531 2253 608 2318 illud
632 2254 768 2334 quodam
792 2254 824 2318 in
847 2254 962 2334 libello,
979 2253 1033 2334 qui
1056 2274 1107 2318 me
1130 2255 1184 2318 im·
1203 2217 1238 2264 94

143 2354 298 2438 prudente
318 2361 350 2418 et
369 2356 468 2420 invito
484 2356 602 2421 excidit
618 2363 651 2421 et
666 2358 811 2440 pervenit
826 2358 860 2422 in
875 2377 987 2423 manus
1003 2357 1183 2423 hominum:

143 2451 299 2524 ‘disertos‘
315 2478 467 2542 cognosse
489 2479 541 2524 me
563 2460 740 2541 nonnullos,
757 2453 980 2544 ‘eloquentem'
1003 2460 1107 2525 adhuc
1130 2483 1181 2528 ne·

144 2562 278 2646 minem;
308 2560 392 2642 quod
414 2582 487 2627 eum
509 2565 689 2629 statuebam
712 2564 874 2645 disertum,
898 2566 952 2646 qui
974 2572 1081 2648 posset
1104 2566 1181 2630 satis

144 2672 233 2730 acute
256 2670 353 2746 atque
381 2663 516 2731 dilucide
543 2665 630 2750 apud
661 2665 836 2732 mediocres
863 2667 1008 2734 h'omines
1035 2689 1076 2732 111
1100 2689 1180 2732 com-

99 2795 129 2844 15
148 2769 232 2832 muni
249 2767 387 2850 quadam
406 2769 553 2852 opinione
570 2770 732 2835 hominum
748 2768 863 2852 dicere,
880 2773 1080 2852 eloquentem
1096 2792 1181 2853 vcro,

145 2871 197 2953 qui
219 2871 394 2936 mirabilius
417 2879 449 2937 et
470 2873 727 2957 magnificentius
749 2894 872 2958 augere·
886 2880 993 2958 posset
1015 2881 1112 2957 atque
1134 2896 1181 2939 or-

145 2994 220 3039 nare
243 2971 325 3056 quae
348 2975 451 3056 vellet,
475 2976 642 3058 omnisque
669 2977 809 3041 omnium
836 2998 940 3042 rerum
964 2998 1045 3059 quae
1072 2978 1115 3042 ad
1138 2979 1182 3042 di-

145 3078 278 3144 cendum
296 3080 490 3165 pertinerent
512 3080 609 3144 fontis
632 3081 737 3146 animo
761 3101 799 3145 ac
822 3082 973 3146 memoria
995 3082 1181 3147 contineret.

144 3181 176 3244 id
202 3183 228 3248 si
258 3189 305 3247 est
328 3183 458 3249 difficile
481 3183 582 3266 nobis,
608 3183 691 3265 quod
712 3193 787 3250 ante
811 3206 906 3267 quam
929 3183 971 3248 ad
994 3184 1180 3250 discendum

102 3310 130 3358 11
145 3286 277 3371 ingressi
300 3308 407 3354 sumus
430 3290 590 3356 obruimur
612 3290 786 3356 ambitione
810 3296 841 3354 et
860 3290 938 3370 fore,
955 3289 996 3352 sit
1019 3296 1125 3352 tamen
1148 3289 1182 3352 in

144 3411 176 3455 re
203 3393 340 3476 positum
367 3401 463 3476 atque
490 3401 611 3459 natura.
659 3415 717 3478 ego
746 3395 839 3477 enim,
864 3379 1015 3476 quantum
1042 3410 1180 3473 auguror
1199 3412 1232 3460 95

146 3497 324 3562 coniectura
346 3505 527 3580 quantaque
549 3499 678 3582 ingenia
699 3498 733 3561 in
760 3498 875 3562 nostris
902 3493 1081 3559 hominibus
1109 3513 1180 3559 esse

146 3599 246 3682 video,
263 3622 327 3666 non
342 3600 476 3686 despero
496 3602 563 3668 fore
586 3603 723 3684 aliquem
746 3597 927 3681 aliquando,
944 3596 995 3675 qui
1020 3599 1050 3658 et
1073 3595 1182 3663 studio'

145 3703 263 3768 acriore
285 3725 381 3786 quam
403 3726 461 3772 nos
484 3725 591 3772 sumus
610 3711 704 3786 atque
721 3703 837 3765 fuimus
853 3705 884 3761 et
899 3698 961 3760 otio
976 3715 1014 3758 ac
1030 3695 1180 3761 facultate
