<?xml version="1.0" encoding="UTF-8"?>
<!DOCTYPE html PUBLIC "-//W3C//DTD XHTML 1.0 Transitional//EN"
    "http://www.w3.org/TR/xhtml1/DTD/xhtml1-transitional.dtd">
<html xmlns="http://www.w3.org/1999/xhtml" xml:lang="en" lang="en">
 <head>
  <title>
</title>
<meta http-equiv="Content-Type" content="text/html;charset=utf-8" />
  <meta name='ocr-system' content='tesseract 3.04.00' />
  <meta name='ocr-capabilities' content='ocr_page ocr_carea ocr_par ocr_line ocrx_word'/>
</head>
<body>
  <div class='ocr_page' id='page_1' title='image "./mtulliciceronis21cicegoog_0151.png"; bbox 0 0 2834 4110; ppageno 0'>
   <div class='ocr_carea' id='block_1_1' title="bbox 274 215 1099 296">
    <p class='ocr_par' dir='ltr' id='par_1_1' title="bbox 274 215 1099 296">
     <span class='ocr_line' id='line_1_1' title="bbox 274 215 1099 296; baseline 0.01 -19"><span class='ocrx_word' id='word_1_1' title='bbox 274 215 335 278; x_wconf 86' lang='grc'>136</span> <span class='ocrx_word' id='word_1_2' title='bbox 476 231 588 285; x_wconf 85' lang='lat' dir='ltr'><strong>LIBER</strong></span> <span class='ocrx_word' id='word_1_3' title='bbox 607 231 643 286; x_wconf 89' lang='lat'>11.</span> <span class='ocrx_word' id='word_1_4' title='bbox 679 230 762 286; x_wconf 81' lang='lat' dir='ltr'><strong>OAP.</strong></span> <span class='ocrx_word' id='word_1_5' title='bbox 776 233 886 288; x_wconf 80' lang='lat'>60-61.</span> <span class='ocrx_word' id='word_1_6' title='bbox 917 235 932 296; x_wconf 65' lang='grc' dir='ltr'>ξ</span> <span class='ocrx_word' id='word_1_7' title='bbox 951 233 1099 286; x_wconf 80' lang='lat'>245-249.</span> 
     </span>
    </p>
   </div>
   <div class='ocr_carea' id='block_1_2' title="bbox 203 404 1376 3912">
    <p class='ocr_par' dir='ltr' id='par_1_2' title="bbox 203 404 1376 3912">
     <span class='ocr_line' id='line_1_2' title="bbox 271 404 1322 488; baseline 0 -20"><span class='ocrx_word' id='word_1_8' title='bbox 271 404 304 468; x_wconf 91' lang='lat' dir='ltr'>in</span> <span class='ocrx_word' id='word_1_9' title='bbox 328 424 406 486; x_wconf 86' lang='lat' dir='ltr'>quos</span> <span class='ocrx_word' id='word_1_10' title='bbox 429 405 519 486; x_wconf 88' lang='lat' dir='ltr'>nolis,</span> <span class='ocrx_word' id='word_1_11' title='bbox 544 405 689 486; x_wconf 91' lang='lat' dir='ltr'>quamvis</span> <span class='ocrx_word' id='word_1_12' title='bbox 712 404 775 470; x_wconf 89' lang='lat' dir='ltr'>sint</span> <span class='ocrx_word' id='word_1_13' title='bbox 797 404 891 484; x_wconf 86' lang='lat' dir='ltr'>bella,</span> <span class='ocrx_word' id='word_1_14' title='bbox 922 411 996 469; x_wconf 89' lang='lat' dir='ltr'>sunt</span> <span class='ocrx_word' id='word_1_15' title='bbox 1025 410 1133 468; x_wconf 87' lang='lat' dir='ltr'>tamen</span> <span class='ocrx_word' id='word_1_16' title='bbox 1163 405 1231 488; x_wconf 91' lang='lat' dir='ltr'>ipso</span> <span class='ocrx_word' id='word_1_17' title='bbox 1257 424 1322 487; x_wconf 77' lang='lat' dir='ltr'>ge</span> 
     </span>
     <span class='ocr_line' id='line_1_3' title="bbox 203 504 1320 590; baseline 0.004 -22"><span class='ocrx_word' id='word_1_18' title='bbox 203 521 253 569; x_wconf 81' lang='lat'>246</span> <span class='ocrx_word' id='word_1_19' title='bbox 271 528 347 572; x_wconf 90' lang='lat' dir='ltr'>nere</span> <span class='ocrx_word' id='word_1_20' title='bbox 371 507 521 572; x_wconf 80' lang='lat' dir='ltr'>scurrilia.</span> <span class='ocrx_word' id='word_1_21' title='bbox 568 514 602 572; x_wconf 87' lang='lat' dir='ltr'>ut</span> <span class='ocrx_word' id='word_1_22' title='bbox 624 507 684 572; x_wconf 87' lang='lat' dir='ltr'>isto</span> <span class='ocrx_word' id='word_1_23' title='bbox 707 507 761 590; x_wconf 90' lang='lat' dir='ltr'>qui</span> <span class='ocrx_word' id='word_1_24' title='bbox 784 527 818 573; x_wconf 91' lang='lat' dir='ltr'>se</span> <span class='ocrx_word' id='word_1_25' title='bbox 839 507 904 572; x_wconf 83' lang='lat' dir='ltr'>volt</span> <span class='ocrx_word' id='word_1_26' title='bbox 921 504 1064 572; x_wconf 77' lang='lat' dir='ltr'>dicacem</span> <span class='ocrx_word' id='word_1_27' title='bbox 1085 513 1116 572; x_wconf 86' lang='lat' dir='ltr'>et</span> <span class='ocrx_word' id='word_1_28' title='bbox 1132 508 1320 572; x_wconf 84' lang='lat' dir='ltr'>mehercule</span> 
     </span>
     <span class='ocr_line' id='line_1_4' title="bbox 272 610 1321 695; baseline -0.002 -19"><span class='ocrx_word' id='word_1_29' title='bbox 272 618 329 691; x_wconf 90' lang='lat' dir='ltr'>est,</span> <span class='ocrx_word' id='word_1_30' title='bbox 353 611 476 695; x_wconf 89' lang='lat' dir='ltr'>Appius</span> <span class='ocrx_word' id='word_1_31' title='bbox 499 649 541 658; x_wconf 87' lang='lat'>-</span> <span class='ocrx_word' id='word_1_32' title='bbox 564 610 620 678; x_wconf 91' lang='lat' dir='ltr'>sed</span> <span class='ocrx_word' id='word_1_33' title='bbox 647 632 710 676; x_wconf 91' lang='lat' dir='ltr'>non</span> <span class='ocrx_word' id='word_1_34' title='bbox 734 631 906 694; x_wconf 86' lang='lat' dir='ltr'>numquam</span> <span class='ocrx_word' id='word_1_35' title='bbox 936 611 970 675; x_wconf 94' lang='lat' dir='ltr'>in</span> <span class='ocrx_word' id='word_1_36' title='bbox 998 610 1058 676; x_wconf 90' lang='lat' dir='ltr'>hoc</span> <span class='ocrx_word' id='word_1_37' title='bbox 1085 610 1198 677; x_wconf 87' lang='lat' dir='ltr'>vitium</span> <span class='ocrx_word' id='word_1_38' title='bbox 1228 631 1321 676; x_wconf 88' lang='lat' dir='ltr'>scur-</span> 
     </span>
     <span class='ocr_line' id='line_1_5' title="bbox 271 707 1317 798; baseline 0.002 -20"><span class='ocrx_word' id='word_1_39' title='bbox 271 715 327 779; x_wconf 92' lang='lat' dir='ltr'>rile</span> <span class='ocrx_word' id='word_1_40' title='bbox 351 714 508 780; x_wconf 86' lang='lat' dir='ltr'>delabitur</span> <span class='ocrx_word' id='word_1_41' title='bbox 530 738 589 777; x_wconf 74' lang='grc' dir='ltr'>-ι</span> <span class='ocrx_word' id='word_1_42' title='bbox 621 707 765 779; x_wconf 76' lang='lat' dir='ltr'>‘cenabo’</span> <span class='ocrx_word' id='word_1_43' title='bbox 794 715 899 796; x_wconf 93' lang='lat' dir='ltr'>inquit</span> <span class='ocrx_word' id='word_1_44' title='bbox 928 707 1026 798; x_wconf 85' lang='lat' dir='ltr'>‘apud</span> <span class='ocrx_word' id='word_1_45' title='bbox 1048 711 1090 779; x_wconf 84' lang='lat' dir='ltr'>te‘</span> <span class='ocrx_word' id='word_1_46' title='bbox 1121 714 1195 779; x_wconf 89' lang='lat' dir='ltr'>huic</span> <span class='ocrx_word' id='word_1_47' title='bbox 1221 714 1317 780; x_wconf 87' lang='lat' dir='ltr'>lusco</span> 
     </span>
     <span class='ocr_line' id='line_1_6' title="bbox 271 811 1359 885; baseline -0.002 -4"><span class='ocrx_word' id='word_1_48' title='bbox 271 817 419 882; x_wconf 85' lang='lat' dir='ltr'>familiari</span> <span class='ocrx_word' id='word_1_49' title='bbox 442 839 512 884; x_wconf 91' lang='lat' dir='ltr'>meo</span> <span class='ocrx_word' id='word_1_50' title='bbox 536 818 570 883; x_wconf 81' lang='grc' dir='ltr'>Ο.</span> <span class='ocrx_word' id='word_1_51' title='bbox 588 818 713 885; x_wconf 84' lang='lat' dir='ltr'>Sextio:</span> <span class='ocrx_word' id='word_1_52' title='bbox 745 811 810 884; x_wconf 87' lang='lat' dir='ltr'>‘uni</span> <span class='ocrx_word' id='word_1_53' title='bbox 840 818 926 882; x_wconf 89' lang='lat' dir='ltr'>enim</span> <span class='ocrx_word' id='word_1_54' title='bbox 955 817 1060 883; x_wconf 90' lang='lat' dir='ltr'>locum</span> <span class='ocrx_word' id='word_1_55' title='bbox 1095 838 1165 885; x_wconf 90' lang='lat' dir='ltr'>esse</span> <span class='ocrx_word' id='word_1_56' title='bbox 1195 814 1359 883; x_wconf 80' lang='lat' dir='ltr'>video.&#39;5</span> 
     </span>
     <span class='ocr_line' id='line_1_7' title="bbox 273 919 1319 1008; baseline 0 -22"><span class='ocrx_word' id='word_1_57' title='bbox 273 927 321 986; x_wconf 89' lang='lat' dir='ltr'>est</span> <span class='ocrx_word' id='word_1_58' title='bbox 343 920 402 986; x_wconf 90' lang='lat' dir='ltr'>hoc</span> <span class='ocrx_word' id='word_1_59' title='bbox 426 921 555 986; x_wconf 83' lang='lat' dir='ltr'>scurrile</span> <span class='ocrx_word' id='word_1_60' title='bbox 578 919 739 1008; x_wconf 57' lang='lat' dir='ltr'>[quidemp</span> <span class='ocrx_word' id='word_1_61' title='bbox 763 928 795 986; x_wconf 91' lang='lat' dir='ltr'>et</span> <span class='ocrx_word' id='word_1_62' title='bbox 817 920 902 1003; x_wconf 90' lang='lat' dir='ltr'>qnod</span> <span class='ocrx_word' id='word_1_63' title='bbox 925 922 994 988; x_wconf 90' lang='lat' dir='ltr'>sine</span> <span class='ocrx_word' id='word_1_64' title='bbox 1024 942 1121 988; x_wconf 87' lang='lat' dir='ltr'>causa</span> <span class='ocrx_word' id='word_1_65' title='bbox 1150 921 1319 988; x_wconf 83' lang='lat' dir='ltr'>lacessivit</span> 
     </span>
     <span class='ocr_line' id='line_1_8' title="bbox 273 1024 1317 1107; baseline 0 -17"><span class='ocrx_word' id='word_1_66' title='bbox 273 1031 306 1090; x_wconf 92' lang='lat' dir='ltr'>et</span> <span class='ocrx_word' id='word_1_67' title='bbox 326 1030 433 1089; x_wconf 87' lang='lat' dir='ltr'>tamen</span> <span class='ocrx_word' id='word_1_68' title='bbox 456 1024 491 1088; x_wconf 88' lang='lat' dir='ltr'>id</span> <span class='ocrx_word' id='word_1_69' title='bbox 511 1024 603 1106; x_wconf 84' lang='lat' dir='ltr'>dixit,</span> <span class='ocrx_word' id='word_1_70' title='bbox 627 1024 712 1106; x_wconf 92' lang='lat' dir='ltr'>quod</span> <span class='ocrx_word' id='word_1_71' title='bbox 733 1025 767 1090; x_wconf 92' lang='lat' dir='ltr'>in</span> <span class='ocrx_word' id='word_1_72' title='bbox 789 1045 900 1092; x_wconf 88' lang='lat' dir='ltr'>omnes</span> <span class='ocrx_word' id='word_1_73' title='bbox 915 1026 1019 1092; x_wconf 88' lang='lat' dir='ltr'>luscos</span> <span class='ocrx_word' id='word_1_74' title='bbox 1035 1026 1227 1092; x_wconf 84' lang='lat' dir='ltr'>conveniret.</span> <span class='ocrx_word' id='word_1_75' title='bbox 1262 1046 1317 1107; x_wconf 89' lang='lat' dir='ltr'>ea,</span> 
     </span>
     <span class='ocr_line' id='line_1_9' title="bbox 272 1127 1318 1213; baseline 0 -21"><span class='ocrx_word' id='word_1_76' title='bbox 272 1128 347 1211; x_wconf 89' lang='lat' dir='ltr'>quia</span> <span class='ocrx_word' id='word_1_77' title='bbox 379 1127 532 1193; x_wconf 88' lang='lat' dir='ltr'>meditata</span> <span class='ocrx_word' id='word_1_78' title='bbox 570 1134 721 1213; x_wconf 90' lang='lat' dir='ltr'>putantur</span> <span class='ocrx_word' id='word_1_79' title='bbox 760 1149 844 1210; x_wconf 89' lang='lat' dir='ltr'>esse,</span> <span class='ocrx_word' id='word_1_80' title='bbox 884 1129 989 1194; x_wconf 88' lang='lat' dir='ltr'>minus</span> <span class='ocrx_word' id='word_1_81' title='bbox 1030 1129 1183 1195; x_wconf 87' lang='lat' dir='ltr'>ridentur.</span> <span class='ocrx_word' id='word_1_82' title='bbox 1234 1128 1318 1194; x_wconf 90' lang='lat' dir='ltr'>illud</span> 
     </span>
     <span class='ocr_line' id='line_1_10' title="bbox 273 1226 1318 1318; baseline 0.003 -23"><span class='ocrx_word' id='word_1_83' title='bbox 273 1232 437 1314; x_wconf 89' lang='lat' dir='ltr'>egregium</span> <span class='ocrx_word' id='word_1_84' title='bbox 459 1232 561 1298; x_wconf 81' lang='lat' dir='ltr'>Sextii</span> <span class='ocrx_word' id='word_1_85' title='bbox 585 1238 616 1296; x_wconf 89' lang='lat' dir='ltr'>et</span> <span class='ocrx_word' id='word_1_86' title='bbox 639 1253 681 1297; x_wconf 84' lang='lat' dir='ltr'>ex</span> <span class='ocrx_word' id='word_1_87' title='bbox 703 1239 861 1318; x_wconf 86' lang='lat' dir='ltr'>tempore:</span> <span class='ocrx_word' id='word_1_88' title='bbox 886 1226 1010 1298; x_wconf 84' lang='lat' dir='ltr'>‘manus</span> <span class='ocrx_word' id='word_1_89' title='bbox 1032 1229 1116 1298; x_wconf 84' lang='lat' dir='ltr'>lava&#39;</span> <span class='ocrx_word' id='word_1_90' title='bbox 1144 1233 1248 1315; x_wconf 90' lang='lat' dir='ltr'>inquit</span> <span class='ocrx_word' id='word_1_91' title='bbox 1270 1227 1318 1298; x_wconf 82' lang='lat' dir='ltr'>‘et</span> 
     </span>
     <span class='ocr_line' id='line_1_11' title="bbox 204 1331 1376 1420; baseline 0.001 -23"><span class='ocrx_word' id='word_1_92' title='bbox 204 1349 253 1397; x_wconf 75' lang='lat'>24⁷</span> <span class='ocrx_word' id='word_1_93' title='bbox 274 1331 374 1399; x_wconf 68' lang='lat' dir='ltr'>cena?</span> <span class='ocrx_word' id='word_1_94' title='bbox 418 1335 569 1419; x_wconf 84' lang='lat' dir='ltr'>temporis</span> <span class='ocrx_word' id='word_1_95' title='bbox 591 1335 688 1419; x_wconf 89' lang='lat' dir='ltr'>igitur·</span> <span class='ocrx_word' id='word_1_96' title='bbox 710 1336 790 1401; x_wconf 87' lang='lat' dir='ltr'>ratio</span> <span class='ocrx_word' id='word_1_97' title='bbox 814 1342 845 1400; x_wconf 86' lang='lat' dir='ltr'>et</span> <span class='ocrx_word' id='word_1_98' title='bbox 867 1335 968 1420; x_wconf 90' lang='lat' dir='ltr'>ipsius</span> <span class='ocrx_word' id='word_1_99' title='bbox 998 1335 1177 1402; x_wconf 87' lang='lat' dir='ltr'>dicacitatis</span> <span class='ocrx_word' id='word_1_100' title='bbox 1207 1337 1315 1402; x_wconf 88' lang='lat' dir='ltr'>mode·</span> <span class='ocrx_word' id='word_1_101' title='bbox 1339 1350 1376 1398; x_wconf 88' lang='lat'>10</span> 
     </span>
     <span class='ocr_line' id='line_1_12' title="bbox 273 1438 1317 1524; baseline 0.002 -22"><span class='ocrx_word' id='word_1_102' title='bbox 273 1438 352 1503; x_wconf 85' lang='lat' dir='ltr'>ratio</span> <span class='ocrx_word' id='word_1_103' title='bbox 376 1445 408 1502; x_wconf 91' lang='lat' dir='ltr'>et</span> <span class='ocrx_word' id='word_1_104' title='bbox 430 1439 640 1522; x_wconf 89' lang='lat' dir='ltr'>temperantia</span> <span class='ocrx_word' id='word_1_105' title='bbox 663 1446 694 1503; x_wconf 89' lang='lat' dir='ltr'>et</span> <span class='ocrx_word' id='word_1_106' title='bbox 716 1439 829 1504; x_wconf 87' lang='lat' dir='ltr'>raritas</span> <span class='ocrx_word' id='word_1_107' title='bbox 861 1440 1016 1505; x_wconf 87' lang='lat' dir='ltr'>dictorum</span> <span class='ocrx_word' id='word_1_108' title='bbox 1042 1439 1219 1524; x_wconf 87' lang='lat' dir='ltr'>distinguet</span> <span class='ocrx_word' id='word_1_109' title='bbox 1249 1461 1317 1505; x_wconf 90' lang='lat' dir='ltr'>ora-</span> 
     </span>
     <span class='ocr_line' id='line_1_13' title="bbox 273 1542 1316 1626; baseline 0.003 -20"><span class='ocrx_word' id='word_1_110' title='bbox 273 1548 373 1607; x_wconf 85' lang='lat' dir='ltr'>terem</span> <span class='ocrx_word' id='word_1_111' title='bbox 402 1563 422 1606; x_wconf 91' lang='lat' dir='ltr'>a</span> <span class='ocrx_word' id='word_1_112' title='bbox 445 1562 561 1622; x_wconf 89' lang='lat' dir='ltr'>scurra,</span> <span class='ocrx_word' id='word_1_113' title='bbox 597 1549 627 1608; x_wconf 89' lang='lat' dir='ltr'>et</span> <span class='ocrx_word' id='word_1_114' title='bbox 655 1542 739 1625; x_wconf 92' lang='lat' dir='ltr'>quod</span> <span class='ocrx_word' id='word_1_115' title='bbox 769 1563 828 1609; x_wconf 91' lang='lat' dir='ltr'>nos</span> <span class='ocrx_word' id='word_1_116' title='bbox 859 1564 930 1608; x_wconf 91' lang='lat' dir='ltr'>eum</span> <span class='ocrx_word' id='word_1_117' title='bbox 961 1563 1057 1608; x_wconf 89' lang='lat' dir='ltr'>causa</span> <span class='ocrx_word' id='word_1_118' title='bbox 1078 1542 1225 1626; x_wconf 88' lang='lat' dir='ltr'>dicimus,</span> <span class='ocrx_word' id='word_1_119' title='bbox 1249 1565 1316 1609; x_wconf 88' lang='lat' dir='ltr'>non</span> 
     </span>
     <span class='ocr_line' id='line_1_14' title="bbox 272 1645 1315 1734; baseline 0.003 -24"><span class='ocrx_word' id='word_1_120' title='bbox 272 1652 306 1711; x_wconf 88' lang='lat' dir='ltr'>ut</span> <span class='ocrx_word' id='word_1_121' title='bbox 328 1646 452 1711; x_wconf 92' lang='lat' dir='ltr'>ridiculi</span> <span class='ocrx_word' id='word_1_122' title='bbox 474 1645 649 1727; x_wconf 84' lang='lat' dir='ltr'>videamur,</span> <span class='ocrx_word' id='word_1_123' title='bbox 673 1646 730 1712; x_wconf 90' lang='lat' dir='ltr'>sed</span> <span class='ocrx_word' id='word_1_124' title='bbox 753 1651 788 1711; x_wconf 91' lang='lat' dir='ltr'>ut</span> <span class='ocrx_word' id='word_1_125' title='bbox 810 1647 1012 1731; x_wconf 88' lang='lat' dir='ltr'>proficiamus</span> <span class='ocrx_word' id='word_1_126' title='bbox 1039 1647 1170 1730; x_wconf 89' lang='lat' dir='ltr'>aliquid,</span> <span class='ocrx_word' id='word_1_127' title='bbox 1200 1649 1247 1712; x_wconf 94' lang='lat' dir='ltr'>illi</span> <span class='ocrx_word' id='word_1_128' title='bbox 1270 1654 1315 1734; x_wconf 87' lang='lat' dir='ltr'>to-</span> 
     </span>
     <span class='ocr_line' id='line_1_15' title="bbox 272 1749 1316 1834; baseline 0.002 -18"><span class='ocrx_word' id='word_1_129' title='bbox 272 1757 339 1816; x_wconf 87' lang='lat' dir='ltr'>tum</span> <span class='ocrx_word' id='word_1_130' title='bbox 362 1749 447 1816; x_wconf 88' lang='lat' dir='ltr'>diem</span> <span class='ocrx_word' id='word_1_131' title='bbox 470 1756 501 1815; x_wconf 89' lang='lat' dir='ltr'>et</span> <span class='ocrx_word' id='word_1_132' title='bbox 524 1750 593 1816; x_wconf 91' lang='lat' dir='ltr'>sine</span> <span class='ocrx_word' id='word_1_133' title='bbox 616 1769 720 1816; x_wconf 89' lang='lat' dir='ltr'>causa.</span> <span class='ocrx_word' id='word_1_134' title='bbox 768 1750 844 1832; x_wconf 91' lang='lat' dir='ltr'>quid</span> <span class='ocrx_word' id='word_1_135' title='bbox 868 1750 953 1817; x_wconf 89' lang='lat' dir='ltr'>enim</span> <span class='ocrx_word' id='word_1_136' title='bbox 981 1757 1029 1816; x_wconf 90' lang='lat' dir='ltr'>est</span> <span class='ocrx_word' id='word_1_137' title='bbox 1051 1751 1194 1834; x_wconf 80' lang='lat' dir='ltr'>Vargula</span> <span class='ocrx_word' id='word_1_138' title='bbox 1224 1751 1316 1818; x_wconf 90' lang='lat' dir='ltr'>adse-</span> 
     </span>
     <span class='ocr_line' id='line_1_16' title="bbox 272 1852 1373 1938; baseline -0.003 -20"><span class='ocrx_word' id='word_1_139' title='bbox 272 1861 372 1935; x_wconf 85' lang='lat' dir='ltr'>cutus,</span> <span class='ocrx_word' id='word_1_140' title='bbox 396 1874 467 1919; x_wconf 89' lang='lat' dir='ltr'>eum</span> <span class='ocrx_word' id='word_1_141' title='bbox 491 1874 563 1918; x_wconf 88' lang='lat' dir='ltr'>eum</span> <span class='ocrx_word' id='word_1_142' title='bbox 594 1852 782 1919; x_wconf 89' lang='lat' dir='ltr'>candidatus</span> <span class='ocrx_word' id='word_1_143' title='bbox 809 1854 846 1920; x_wconf 87' lang='lat' dir='ltr'>A.</span> <span class='ocrx_word' id='word_1_144' title='bbox 864 1855 1070 1938; x_wconf 84' lang='lat' dir='ltr'>Sempronius</span> <span class='ocrx_word' id='word_1_145' title='bbox 1101 1875 1173 1920; x_wconf 89' lang='lat' dir='ltr'>oum</span> <span class='ocrx_word' id='word_1_146' title='bbox 1196 1855 1239 1920; x_wconf 89' lang='lat' dir='ltr'>M.</span> <span class='ocrx_word' id='word_1_147' title='bbox 1257 1876 1314 1921; x_wconf 90' lang='lat' dir='ltr'>suo</span> <span class='ocrx_word' id='word_1_148' title='bbox 1338 1869 1373 1916; x_wconf 78' lang='grc' dir='ltr'>ιθ</span> 
     </span>
     <span class='ocr_line' id='line_1_17' title="bbox 272 1949 1315 2043; baseline 0.004 -21"><span class='ocrx_word' id='word_1_149' title='bbox 272 1957 369 2024; x_wconf 91' lang='lat' dir='ltr'>fratre</span> <span class='ocrx_word' id='word_1_150' title='bbox 404 1959 587 2043; x_wconf 85' lang='lat' dir='ltr'>complexus</span> <span class='ocrx_word' id='word_1_151' title='bbox 621 1963 721 2024; x_wconf 89' lang='lat' dir='ltr'>esset:</span> <span class='ocrx_word' id='word_1_152' title='bbox 760 1949 858 2041; x_wconf 90' lang='lat' dir='ltr'>‘puer,</span> <span class='ocrx_word' id='word_1_153' title='bbox 897 1960 991 2042; x_wconf 82' lang='lat' dir='ltr'>abige</span> <span class='ocrx_word' id='word_1_154' title='bbox 1025 1955 1185 2024; x_wconf 57' lang='lat' dir='ltr'>muscas?</span> <span class='ocrx_word' id='word_1_155' title='bbox 1215 1959 1315 2026; x_wconf 91' lang='lat' dir='ltr'>risum</span> 
     </span>
     <span class='ocr_line' id='line_1_18' title="bbox 273 2061 1316 2147; baseline 0.003 -21"><span class='ocrx_word' id='word_1_156' title='bbox 273 2062 439 2144; x_wconf 88' lang='lat' dir='ltr'>quaesivit,</span> <span class='ocrx_word' id='word_1_157' title='bbox 464 2062 517 2144; x_wconf 91' lang='lat' dir='ltr'>qui</span> <span class='ocrx_word' id='word_1_158' title='bbox 541 2068 589 2127; x_wconf 91' lang='lat' dir='ltr'>est</span> <span class='ocrx_word' id='word_1_159' title='bbox 610 2082 683 2126; x_wconf 89' lang='lat' dir='ltr'>mea</span> <span class='ocrx_word' id='word_1_160' title='bbox 706 2061 866 2126; x_wconf 89' lang='lat' dir='ltr'>sententia</span> <span class='ocrx_word' id='word_1_161' title='bbox 888 2062 940 2126; x_wconf 89' lang='lat' dir='ltr'>vel</span> <span class='ocrx_word' id='word_1_162' title='bbox 962 2062 1167 2128; x_wconf 88' lang='lat' dir='ltr'>tenuissimus</span> <span class='ocrx_word' id='word_1_163' title='bbox 1190 2062 1316 2147; x_wconf 91' lang='lat' dir='ltr'>ingenii</span> 
     </span>
     <span class='ocr_line' id='line_1_19' title="bbox 272 2163 1316 2250; baseline 0.003 -20"><span class='ocrx_word' id='word_1_164' title='bbox 272 2166 401 2230; x_wconf 90' lang='lat' dir='ltr'>fructus.</span> <span class='ocrx_word' id='word_1_165' title='bbox 448 2172 573 2250; x_wconf 89' lang='lat' dir='ltr'>tempus</span> <span class='ocrx_word' id='word_1_166' title='bbox 603 2165 699 2248; x_wconf 90' lang='lat' dir='ltr'>igitur</span> <span class='ocrx_word' id='word_1_167' title='bbox 729 2163 857 2229; x_wconf 89' lang='lat' dir='ltr'>dicendi</span> <span class='ocrx_word' id='word_1_168' title='bbox 887 2165 1056 2248; x_wconf 85' lang='lat' dir='ltr'>prudentia</span> <span class='ocrx_word' id='word_1_169' title='bbox 1090 2171 1122 2231; x_wconf 91' lang='lat' dir='ltr'>et</span> <span class='ocrx_word' id='word_1_170' title='bbox 1155 2167 1316 2249; x_wconf 85' lang='lat' dir='ltr'>gravitate</span> 
     </span>
     <span class='ocr_line' id='line_1_20' title="bbox 273 2269 1315 2353; baseline 0.003 -20"><span class='ocrx_word' id='word_1_171' title='bbox 273 2269 524 2353; x_wconf 88' lang='lat' dir='ltr'>moderabimur;</span> <span class='ocrx_word' id='word_1_172' title='bbox 549 2289 681 2351; x_wconf 92' lang='lat' dir='ltr'>quarum</span> <span class='ocrx_word' id='word_1_173' title='bbox 697 2269 816 2333; x_wconf 89' lang='lat' dir='ltr'>utinam</span> <span class='ocrx_word' id='word_1_174' title='bbox 831 2273 932 2334; x_wconf 90' lang='lat' dir='ltr'>artem</span> <span class='ocrx_word' id='word_1_175' title='bbox 952 2269 1092 2352; x_wconf 89' lang='lat' dir='ltr'>aliquam</span> <span class='ocrx_word' id='word_1_176' title='bbox 1107 2269 1315 2338; x_wconf 82' lang='lat' dir='ltr'>haberemus!</span> 
     </span>
     <span class='ocr_line' id='line_1_21' title="bbox 212 2371 1371 2472; baseline -0.003 -35"><span class='ocrx_word' id='word_1_177' title='bbox 212 2419 247 2472; x_wconf 63' lang='lat'>3,</span> <span class='ocrx_word' id='word_1_178' title='bbox 275 2371 332 2437; x_wconf 90' lang='lat' dir='ltr'>sed</span> <span class='ocrx_word' id='word_1_179' title='bbox 355 2372 483 2437; x_wconf 88' lang='lat' dir='ltr'>domina</span> <span class='ocrx_word' id='word_1_180' title='bbox 506 2380 620 2438; x_wconf 88' lang='lat' dir='ltr'>natura</span> <span class='ocrx_word' id='word_1_181' title='bbox 643 2381 698 2437; x_wconf 88' lang='lat' dir='ltr'>est.</span> <span class='ocrx_word' id='word_1_182' title='bbox 1338 2389 1371 2438; x_wconf 82' lang='lat' dir='ltr'>ac</span> 
     </span>
     <span class='ocr_line' id='line_1_22' title="bbox 205 2477 1342 2561; baseline 0.008 -21"><span class='ocrx_word' id='word_1_183' title='bbox 205 2493 255 2540; x_wconf 72' lang='lat' dir='ltr'>aaa</span> <span class='ocrx_word' id='word_1_184' title='bbox 377 2477 471 2540; x_wconf 88' lang='lat' dir='ltr'>Nunc</span> <span class='ocrx_word' id='word_1_185' title='bbox 494 2496 692 2561; x_wconf 83' lang='lat' dir='ltr'>exponamus</span> <span class='ocrx_word' id='word_1_186' title='bbox 721 2497 841 2561; x_wconf 89' lang='lat' dir='ltr'>genera</span> <span class='ocrx_word' id='word_1_187' title='bbox 870 2477 941 2560; x_wconf 88' lang='lat' dir='ltr'>ipsa</span> <span class='ocrx_word' id='word_1_188' title='bbox 963 2477 1143 2542; x_wconf 90' lang='lat' dir='ltr'>summatim</span> <span class='ocrx_word' id='word_1_189' title='bbox 1171 2498 1254 2560; x_wconf 90' lang='lat' dir='ltr'>quae</span> <span class='ocrx_word' id='word_1_190' title='bbox 1278 2479 1342 2550; x_wconf 84' lang='lat' dir='ltr'>ri-.</span> 
     </span>
     <span class='ocr_line' id='line_1_23' title="bbox 273 2581 1314 2665; baseline 0.004 -21"><span class='ocrx_word' id='word_1_191' title='bbox 273 2599 343 2644; x_wconf 88' lang='lat' dir='ltr'>sum</span> <span class='ocrx_word' id='word_1_192' title='bbox 365 2581 505 2644; x_wconf 85' lang='lat' dir='ltr'>maxime</span> <span class='ocrx_word' id='word_1_193' title='bbox 527 2587 685 2646; x_wconf 86' lang='lat' dir='ltr'>moveant.</span> <span class='ocrx_word' id='word_1_194' title='bbox 732 2581 812 2646; x_wconf 90' lang='lat' dir='ltr'>haec</span> <span class='ocrx_word' id='word_1_195' title='bbox 834 2581 931 2664; x_wconf 88' lang='lat' dir='ltr'>igitur</span> <span class='ocrx_word' id='word_1_196' title='bbox 961 2583 1001 2646; x_wconf 89' lang='lat' dir='ltr'>sit</span> <span class='ocrx_word' id='word_1_197' title='bbox 1032 2581 1134 2664; x_wconf 89' lang='lat' dir='ltr'>prima</span> <span class='ocrx_word' id='word_1_198' title='bbox 1164 2583 1314 2665; x_wconf 87' lang='lat' dir='ltr'>partitio:</span> 
     </span>
     <span class='ocr_line' id='line_1_24' title="bbox 273 2681 1317 2765; baseline 0.004 -17"><span class='ocrx_word' id='word_1_199' title='bbox 273 2682 359 2765; x_wconf 90' lang='lat' dir='ltr'>quod</span> <span class='ocrx_word' id='word_1_200' title='bbox 380 2682 484 2749; x_wconf 88' lang='lat' dir='ltr'>facete</span> <span class='ocrx_word' id='word_1_201' title='bbox 507 2681 638 2764; x_wconf 91' lang='lat' dir='ltr'>dicatur,</span> <span class='ocrx_word' id='word_1_202' title='bbox 662 2684 696 2750; x_wconf 93' lang='lat' dir='ltr'>id</span> <span class='ocrx_word' id='word_1_203' title='bbox 717 2686 797 2750; x_wconf 89' lang='lat' dir='ltr'>alias</span> <span class='ocrx_word' id='word_1_204' title='bbox 813 2685 846 2749; x_wconf 91' lang='lat' dir='ltr'>in</span> <span class='ocrx_word' id='word_1_205' title='bbox 861 2704 895 2749; x_wconf 89' lang='lat' dir='ltr'>re</span> <span class='ocrx_word' id='word_1_206' title='bbox 911 2684 1039 2765; x_wconf 90' lang='lat' dir='ltr'>habere,</span> <span class='ocrx_word' id='word_1_207' title='bbox 1060 2685 1139 2750; x_wconf 89' lang='lat' dir='ltr'>alias</span> <span class='ocrx_word' id='word_1_208' title='bbox 1159 2685 1193 2748; x_wconf 90' lang='lat' dir='ltr'>in</span> <span class='ocrx_word' id='word_1_209' title='bbox 1217 2688 1317 2752; x_wconf 89' lang='lat' dir='ltr'>verbo</span> 
     </span>
     <span class='ocr_line' id='line_1_25' title="bbox 273 2787 1316 2872; baseline 0.006 -20"><span class='ocrx_word' id='word_1_210' title='bbox 273 2788 420 2872; x_wconf 76' lang='lat' dir='ltr'>facetias,</span> <span class='ocrx_word' id='word_1_211' title='bbox 446 2789 585 2853; x_wconf 83' lang='lat' dir='ltr'>maxime</span> <span class='ocrx_word' id='word_1_212' title='bbox 614 2794 722 2854; x_wconf 88' lang='lat' dir='ltr'>autem</span> <span class='ocrx_word' id='word_1_213' title='bbox 752 2789 898 2854; x_wconf 90' lang='lat' dir='ltr'>homines</span> <span class='ocrx_word' id='word_1_214' title='bbox 928 2787 1088 2870; x_wconf 88' lang='lat' dir='ltr'>delectari,</span> <span class='ocrx_word' id='word_1_215' title='bbox 1124 2789 1151 2854; x_wconf 92' lang='lat' dir='ltr'>si</span> <span class='ocrx_word' id='word_1_216' title='bbox 1185 2791 1316 2872; x_wconf 92' lang='lat' dir='ltr'>quando</span> 
     </span>
     <span class='ocr_line' id='line_1_26' title="bbox 273 2892 1368 2975; baseline 0 -19"><span class='ocrx_word' id='word_1_217' title='bbox 273 2892 354 2957; x_wconf 92' lang='lat' dir='ltr'>risus</span> <span class='ocrx_word' id='word_1_218' title='bbox 377 2892 544 2958; x_wconf 88' lang='lat' dir='ltr'>coniuncte</span> <span class='ocrx_word' id='word_1_219' title='bbox 567 2912 601 2956; x_wconf 87' lang='lat' dir='ltr'>re</span> <span class='ocrx_word' id='word_1_220' title='bbox 623 2894 785 2975; x_wconf 83' lang='lat' dir='ltr'>verboque</span> <span class='ocrx_word' id='word_1_221' title='bbox 801 2899 974 2959; x_wconf 86' lang='lat' dir='ltr'>moveatur.</span> <span class='ocrx_word' id='word_1_222' title='bbox 1014 2893 1070 2958; x_wconf 91' lang='lat' dir='ltr'>sed</span> <span class='ocrx_word' id='word_1_223' title='bbox 1093 2893 1153 2958; x_wconf 89' lang='lat' dir='ltr'>hoc</span> <span class='ocrx_word' id='word_1_224' title='bbox 1176 2915 1316 2959; x_wconf 89' lang='lat' dir='ltr'>memen-</span> <span class='ocrx_word' id='word_1_225' title='bbox 1337 2907 1368 2956; x_wconf 80' lang='lat' dir='ltr'>aa</span> 
     </span>
     <span class='ocr_line' id='line_1_27' title="bbox 272 2996 1316 3080; baseline 0.003 -20"><span class='ocrx_word' id='word_1_226' title='bbox 272 3002 347 3077; x_wconf 87' lang='lat' dir='ltr'>tote,</span> <span class='ocrx_word' id='word_1_227' title='bbox 372 3016 586 3080; x_wconf 89' lang='lat' dir='ltr'>quoscumque</span> <span class='ocrx_word' id='word_1_228' title='bbox 608 2998 692 3062; x_wconf 89' lang='lat' dir='ltr'>locos</span> <span class='ocrx_word' id='word_1_229' title='bbox 715 2997 872 3080; x_wconf 86' lang='lat' dir='ltr'>attingam</span> <span class='ocrx_word' id='word_1_230' title='bbox 895 2996 980 3062; x_wconf 89' lang='lat' dir='ltr'>unde</span> <span class='ocrx_word' id='word_1_231' title='bbox 995 2996 1128 3062; x_wconf 91' lang='lat' dir='ltr'>ridicula</span> <span class='ocrx_word' id='word_1_232' title='bbox 1147 2996 1316 3080; x_wconf 88' lang='lat' dir='ltr'>ducantur,</span> 
     </span>
     <span class='ocr_line' id='line_1_28' title="bbox 274 3099 1315 3186; baseline 0.003 -23"><span class='ocrx_word' id='word_1_233' title='bbox 274 3120 316 3163; x_wconf 82' lang='lat' dir='ltr'>ex</span> <span class='ocrx_word' id='word_1_234' title='bbox 337 3099 439 3166; x_wconf 89' lang='lat' dir='ltr'>isdem</span> <span class='ocrx_word' id='word_1_235' title='bbox 461 3101 539 3168; x_wconf 90' lang='lat' dir='ltr'>locis</span> <span class='ocrx_word' id='word_1_236' title='bbox 561 3101 629 3167; x_wconf 90' lang='lat' dir='ltr'>fere</span> <span class='ocrx_word' id='word_1_237' title='bbox 652 3103 748 3166; x_wconf 88' lang='lat' dir='ltr'>etiam</span> <span class='ocrx_word' id='word_1_238' title='bbox 777 3101 885 3186; x_wconf 89' lang='lat' dir='ltr'>gravis</span> <span class='ocrx_word' id='word_1_239' title='bbox 908 3102 1083 3166; x_wconf 86' lang='lat' dir='ltr'>sententias</span> <span class='ocrx_word' id='word_1_240' title='bbox 1113 3121 1207 3184; x_wconf 92' lang='lat' dir='ltr'>posse</span> <span class='ocrx_word' id='word_1_241' title='bbox 1232 3102 1315 3168; x_wconf 89' lang='lat' dir='ltr'>duci.</span> 
     </span>
     <span class='ocr_line' id='line_1_29' title="bbox 272 3205 1315 3289; baseline -0.001 -16"><span class='ocrx_word' id='word_1_242' title='bbox 272 3211 397 3273; x_wconf 87' lang='lat' dir='ltr'>tantum</span> <span class='ocrx_word' id='word_1_243' title='bbox 408 3205 548 3287; x_wconf 89' lang='lat' dir='ltr'>interest,</span> <span class='ocrx_word' id='word_1_244' title='bbox 561 3205 646 3287; x_wconf 90' lang='lat' dir='ltr'>quod</span> <span class='ocrx_word' id='word_1_245' title='bbox 658 3206 799 3289; x_wconf 85' lang='lat' dir='ltr'>gravitas</span> <span class='ocrx_word' id='word_1_246' title='bbox 810 3205 952 3271; x_wconf 92' lang='lat' dir='ltr'>honestis</span> <span class='ocrx_word' id='word_1_247' title='bbox 964 3206 998 3269; x_wconf 89' lang='lat' dir='ltr'>in</span> <span class='ocrx_word' id='word_1_248' title='bbox 1010 3206 1105 3270; x_wconf 91' lang='lat' dir='ltr'>rebus</span> <span class='ocrx_word' id='word_1_249' title='bbox 1118 3205 1315 3288; x_wconf 87' lang='lat' dir='ltr'>severisque,</span> 
     </span>
     <span class='ocr_line' id='line_1_30' title="bbox 272 3309 1313 3395; baseline -0.002 -19"><span class='ocrx_word' id='word_1_250' title='bbox 272 3312 359 3376; x_wconf 90' lang='lat' dir='ltr'>iocus</span> <span class='ocrx_word' id='word_1_251' title='bbox 381 3311 415 3376; x_wconf 91' lang='lat' dir='ltr'>in</span> <span class='ocrx_word' id='word_1_252' title='bbox 445 3309 608 3395; x_wconf 78' lang='lat' dir='ltr'>turpiculis</span> <span class='ocrx_word' id='word_1_253' title='bbox 640 3316 671 3375; x_wconf 93' lang='grc' dir='ltr'>θῖ</span> <span class='ocrx_word' id='word_1_254' title='bbox 702 3310 792 3392; x_wconf 91' lang='lat' dir='ltr'>quasi</span> <span class='ocrx_word' id='word_1_255' title='bbox 822 3309 1016 3375; x_wconf 87' lang='lat' dir='ltr'>deformibus</span> <span class='ocrx_word' id='word_1_256' title='bbox 1047 3309 1189 3393; x_wconf 74' lang='lat' dir='ltr'>ponitur,</span> <span class='ocrx_word' id='word_1_257' title='bbox 1223 3311 1313 3375; x_wconf 87' lang='lat' dir='ltr'>velut</span> 
     </span>
     <span class='ocr_line' id='line_1_31' title="bbox 273 3413 1367 3498; baseline -0.005 -18"><span class='ocrx_word' id='word_1_258' title='bbox 273 3416 374 3482; x_wconf 89' lang='lat' dir='ltr'>isdem</span> <span class='ocrx_word' id='word_1_259' title='bbox 404 3416 510 3481; x_wconf 86' lang='lat' dir='ltr'>verbis</span> <span class='ocrx_word' id='word_1_260' title='bbox 541 3421 572 3480; x_wconf 88' lang='lat' dir='ltr'>et</span> <span class='ocrx_word' id='word_1_261' title='bbox 601 3414 731 3480; x_wconf 89' lang='lat' dir='ltr'>laudare</span> <span class='ocrx_word' id='word_1_262' title='bbox 761 3414 844 3498; x_wconf 83' lang='lat' dir='ltr'>frugi</span> <span class='ocrx_word' id='word_1_263' title='bbox 875 3433 1001 3479; x_wconf 85' lang='lat' dir='ltr'>servum</span> <span class='ocrx_word' id='word_1_264' title='bbox 1035 3413 1192 3497; x_wconf 90' lang='lat' dir='ltr'>possimus</span> <span class='ocrx_word' id='word_1_265' title='bbox 1221 3420 1263 3494; x_wconf 89' lang='lat' dir='ltr'>et,</span> <span class='ocrx_word' id='word_1_266' title='bbox 1288 3413 1315 3479; x_wconf 89' lang='lat' dir='ltr'>si</span> <span class='ocrx_word' id='word_1_267' title='bbox 1334 3429 1367 3476; x_wconf 84' lang='lat'>30</span> 
     </span>
     <span class='ocr_line' id='line_1_32' title="bbox 274 3516 1314 3604; baseline -0.002 -19"><span class='ocrx_word' id='word_1_268' title='bbox 274 3526 323 3585; x_wconf 90' lang='grc' dir='ltr'>θεῖ</span> <span class='ocrx_word' id='word_1_269' title='bbox 344 3541 491 3604; x_wconf 89' lang='lat' dir='ltr'>nequam,</span> <span class='ocrx_word' id='word_1_270' title='bbox 514 3520 620 3584; x_wconf 88' lang='lat' dir='ltr'>iocari.</span> <span class='ocrx_word' id='word_1_271' title='bbox 666 3518 834 3583; x_wconf 92' lang='lat' dir='ltr'>ridiculum</span> <span class='ocrx_word' id='word_1_272' title='bbox 857 3523 905 3583; x_wconf 88' lang='lat' dir='ltr'>est</span> <span class='ocrx_word' id='word_1_273' title='bbox 927 3516 1005 3582; x_wconf 91' lang='lat' dir='ltr'>illud</span> <span class='ocrx_word' id='word_1_274' title='bbox 1020 3517 1238 3583; x_wconf 89' lang='lat' dir='ltr'>Neronianum</span> <span class='ocrx_word' id='word_1_275' title='bbox 1262 3538 1314 3583; x_wconf 84' lang='lat' dir='ltr'>ve-</span> 
     </span>
     <span class='ocr_line' id='line_1_33' title="bbox 274 3615 1317 3690; baseline 0.002 -3"><span class='ocrx_word' id='word_1_276' title='bbox 274 3630 324 3688; x_wconf 87' lang='lat' dir='ltr'>tus</span> <span class='ocrx_word' id='word_1_277' title='bbox 346 3625 379 3688; x_wconf 94' lang='lat' dir='ltr'>in</span> <span class='ocrx_word' id='word_1_278' title='bbox 402 3625 510 3689; x_wconf 92' lang='lat' dir='ltr'>furace</span> <span class='ocrx_word' id='word_1_279' title='bbox 533 3643 642 3690; x_wconf 85' lang='lat' dir='ltr'>servo:</span> <span class='ocrx_word' id='word_1_280' title='bbox 667 3615 778 3688; x_wconf 85' lang='lat' dir='ltr'>‘solum</span> <span class='ocrx_word' id='word_1_281' title='bbox 801 3641 870 3687; x_wconf 89' lang='lat' dir='ltr'>esse</span> <span class='ocrx_word' id='word_1_282' title='bbox 903 3621 953 3685; x_wconf 92' lang='lat' dir='ltr'>cui</span> <span class='ocrx_word' id='word_1_283' title='bbox 976 3620 1063 3685; x_wconf 92' lang='lat' dir='ltr'>domi</span> <span class='ocrx_word' id='word_1_284' title='bbox 1084 3620 1164 3685; x_wconf 91' lang='lat' dir='ltr'>nihil</span> <span class='ocrx_word' id='word_1_285' title='bbox 1191 3620 1233 3686; x_wconf 92' lang='lat' dir='ltr'>sit</span> <span class='ocrx_word' id='word_1_286' title='bbox 1256 3641 1317 3688; x_wconf 91' lang='lat' dir='ltr'>nec</span> 
     </span>
     <span class='ocr_line' id='line_1_34' title="bbox 274 3722 1317 3811; baseline 0 -20"><span class='ocrx_word' id='word_1_287' title='bbox 274 3727 474 3811; x_wconf 88' lang='lat' dir='ltr'>obsignatum</span> <span class='ocrx_word' id='word_1_288' title='bbox 505 3747 565 3792; x_wconf 90' lang='lat' dir='ltr'>neo</span> <span class='ocrx_word' id='word_1_289' title='bbox 592 3722 780 3811; x_wconf 80' lang='lat' dir='ltr'>obclusum&#39;3</span> <span class='ocrx_word' id='word_1_290' title='bbox 812 3725 897 3808; x_wconf 90' lang='lat' dir='ltr'>quod</span> <span class='ocrx_word' id='word_1_291' title='bbox 927 3724 1012 3789; x_wconf 92' lang='lat' dir='ltr'>idem</span> <span class='ocrx_word' id='word_1_292' title='bbox 1041 3725 1075 3789; x_wconf 91' lang='lat' dir='ltr'>in</span> <span class='ocrx_word' id='word_1_293' title='bbox 1105 3724 1189 3789; x_wconf 90' lang='lat' dir='ltr'>bono</span> <span class='ocrx_word' id='word_1_294' title='bbox 1224 3745 1317 3792; x_wconf 87' lang='lat' dir='ltr'>servo</span> 
     </span>
     <span class='ocr_line' id='line_1_35' title="bbox 204 3817 1317 3912; baseline 0.008 -27"><span class='ocrx_word' id='word_1_295' title='bbox 204 3839 255 3887; x_wconf 79' lang='lat'>249</span> <span class='ocrx_word' id='word_1_296' title='bbox 274 3830 337 3894; x_wconf 91' lang='lat' dir='ltr'>dici</span> <span class='ocrx_word' id='word_1_297' title='bbox 360 3817 470 3894; x_wconf 82' lang='lat' dir='ltr'>solet.¹</span> <span class='ocrx_word' id='word_1_298' title='bbox 494 3830 550 3896; x_wconf 91' lang='lat' dir='ltr'>sed</span> <span class='ocrx_word' id='word_1_299' title='bbox 573 3830 633 3895; x_wconf 91' lang='lat' dir='ltr'>hoc</span> <span class='ocrx_word' id='word_1_300' title='bbox 655 3829 757 3895; x_wconf 90' lang='lat' dir='ltr'>isdem</span> <span class='ocrx_word' id='word_1_301' title='bbox 774 3829 871 3894; x_wconf 88' lang='lat' dir='ltr'>etiam</span> <span class='ocrx_word' id='word_1_302' title='bbox 885 3827 1007 3912; x_wconf 79' lang='lat' dir='ltr'>verbis3</span> <span class='ocrx_word' id='word_1_303' title='bbox 1033 3847 1074 3892; x_wconf 86' lang='lat' dir='ltr'>ex</span> <span class='ocrx_word' id='word_1_304' title='bbox 1089 3826 1192 3893; x_wconf 92' lang='lat' dir='ltr'>isdem</span> <span class='ocrx_word' id='word_1_305' title='bbox 1207 3836 1317 3894; x_wconf 89' lang='lat' dir='ltr'>autem</span> 
     </span>
    </p>
   </div>
   <div class='ocr_carea' id='block_1_3' title="bbox 0 0 1422 4110">
    <p class='ocr_par' dir='ltr' id='par_1_3' title="bbox 0 0 1422 4110">
     <span class='ocr_line' id='line_1_36' title="bbox 0 0 1422 4110; baseline 0 0"><span class='ocrx_word' id='word_1_306' title='bbox 0 0 1422 4110; x_wconf 95' lang='lat' dir='ltr'> </span> 
     </span>
    </p>
   </div>
  </div>
 </body>
</html>
