2866 4110
365 209 477 262 nrunn
496 209 517 262 1.
554 207 638 262 cnr.
658 211 734 263 2—3.
771 209 897 272 ss-ra
1129 193 1149 256 3

106 404 145 450 ac
167 405 210 450 ne
236 383 289 466 qui
312 383 392 449 forte
415 403 486 449 cum
509 384 579 450 aliis
602 382 725 464 studiis,
750 403 832 465 quae
854 383 1024 448 reconditis
1047 384 1080 447 in
1103 404 1149 448 ar-

110 489 194 554 tibus
225 495 322 570 atque
352 477 392 568 inJ
417 487 554 569 quadam
584 487 740 552 varietate
770 486 943 560 litterarum
973 493 1148 568 versentur,
1201 554 1204 560 ,

108 592 212 676 magis
228 590 312 656 hanc
328 590 454 656 dicendi
473 591 628 656 rationem
645 610 740 672 quam
756 589 828 654 cum
842 591 1041 674 imperatoris
1055 590 1148 655 laude

107 701 162 760 aut
184 715 260 761 cum
282 695 359 761 boni
381 696 536 761 senatoris
566 693 735 780 prudentia
766 693 1012 780 comparandam
1041 700 1147 778 putet:

75 814 89 861 u
107 799 160 881 qui
180 805 346 864 convertat
365 799 506 863 animum
525 798 566 863 ad
590 817 629 863 ea
651 797 722 881 ipsa
743 797 858 862 artium
880 817 999 882 genera
1021 798 1149 863 circum·

108 903 286 987 spiciatque
316 902 371 983 qui
400 902 433 966 in
463 902 503 968 iis
533 901 706 968 floruerunt
728 921 824 982 quam
851 901 940 965 multi
968 901 1040 982 sint,
1063 902 1149 967 facil-

108 1007 181 1070 lime
198 1011 319 1088 quanta
333 1011 491 1070 oratorum
514 1006 555 1071 sit
578 1024 765 1090 semperque
789 1003 883 1069 fuerit
905 1005 1049 1088 paucitas
1072 1006 1149 1070 iudi·

109 1110 203 1174 cabit.
251 1129 354 1191 neque
377 1109 462 1174 enim
484 1115 516 1174 te
539 1109 622 1192 sugit
644 1109 785 1173 omnium
807 1106 1005 1172 laudatarum
1033 1108 1148 1173 artium

109 1211 351 1296 procreatricem
381 1211 542 1294 quandam
573 1219 604 1276 et
634 1211 725 1293 quasi
755 1216 920 1294 parentem
952 1231 1023 1276 eam
1053 1230 1148 1292 quam

62 1333 92 1379 ro
108 1314 306 1401 φιλοσοφίαν
321 1315 435 1380 Graeci
454 1322 570 1380 vocant
591 1316 632 1379 ab
655 1313 836 1379 hominibus
860 1313 1048 1378 doctissimis
1071 1313 1148 1378 indi-

109 1420 189 1502 cari;
221 1419 255 1483 in
287 1439 349 1501 qua
379 1417 509 1484 difficile
540 1425 588 1484 est
618 1437 803 1482 enumerare
835 1423 910 1499 quot
939 1417 999 1481 viri
1029 1404 1148 1499 quanta

110 1521 245 1588 scientia
260 1527 440 1604 quantaque
459 1523 492 1587 in
517 1522 582 1587 suis
605 1520 718 1586 studiis
741 1521 894 1586 varietate
916 1528 948 1585 et
971 1520 1062 1604 copia
1083 1520 1147 1584 fue-

111 1627 179 1707 rint,
196 1625 252 1708 qui
267 1646 331 1691 non
351 1645 414 1689 una
436 1625 544 1708 aliqua
566 1625 599 1689 in
622 1644 656 1689 rc
679 1625 852 1708 separatim
874 1624 1074 1703 elaborarint,
1091 1623 1148 1688 sed

111 1729 215 1793 omnia
238 1747 456 1811 quaecumque
478 1735 609 1812 possent
631 1727 683 1792 vel
706 1727 857 1792 scientiae
880 1726 1148 1810 pervestigatione

56 1833 161 1958 Qvel
187 1830 508 1930 disserendiratione
532 1829 837 1916 comprehenderint.
884 1829 955 1911 quis
977 1829 1102 1912 ignorat
1125 1831 1147 1894 ii
1168 1849 1199 1895 ro

8 1921 58 1996 pm
112 1936 163 2016 qui
192 1934 408 2000 mathematici
438 1941 591 1999 vocantur
620 1939 740 2016 quanta
767 1932 800 1997 in
827 1932 1017 1997 obscuritate
1043 1952 1147 1996 rerum

112 2045 143 2102 et
162 2057 257 2120 quam
279 2038 444 2104 recondita
468 2038 501 2102 in
528 2045 596 2102 arte
624 2043 655 2101 et
687 2036 852 2120 multiplici
882 2035 1052 2118 subtilique
1081 2056 1147 2100 ver-

111 2142 241 2206 sentur?
256 2161 326 2230 'quo
345 2149 452 2210 tamur
474 2142 508 2205 in
530 2161 649 2225 genere
670 2141 715 2205 ita
737 2140 827 2204 multi
848 2138 980 2223 perfecti
1003 2139 1147 2205 homines

111 2244 291 2325 extiterunt,
308 2251 342 2309 ut
365 2265 458 2310 nemo
481 2244 548 2309 fere
570 2243 729 2309 studuisse
736 2244 799 2329 ,qi
805 2244 957 2308 scientiae
979 2243 1147 2309 vehemen-

64 2365 94 2412 no
111 2349 170 2412 tius
185 2347 332 2413 videatur
347 2349 424 2431 quin
440 2348 523 2430 quod
539 2348 673 2413 voluerit
689 2354 875 2413 consecutus
891 2347 940 2412 sit.
969 2347 1039 2429 quis
1055 2346 1146 2412 musi·
1208 2427 1209 2432 ἵ

109 2451 160 2532 cis,
186 2452 259 2534 quis
284 2450 357 2517 huic
385 2450 489 2517 studio
515 2451 690 2537 litterarum
717 2449 802 2533 quod
829 2449 1014 2535 profitentur·
1041 2451 1069 2515 ei
1092 2449 1146 2531 qui

107 2554 305 2637 grammatici
328 2561 491 2637 vocantur,
514 2555 641 2639 penitus
667 2574 702 2619 se
725 2553 813 2619 dedit
835 2554 911 2637 quin
935 2574 1060 2618 omnem
1083 2552 1147 2618 illa-

106 2678 174 2722 rum
196 2659 312 2723 artium
334 2678 437 2742 paene
459 2657 619 2723 infinitam·
637 2657 703 2722 vim
726 2664 759 2722 et
780 2657 950 2738 materiem,
966 2657 1097 2722 scientia
1116 2662 1147 2720 et

108 2761 289 2845 cognitione
316 2761 616 2846 comprehenderit?
659 2781 735 2826 vere
762 2760 840 2825 mihi
863 2760 922 2826 hoc
944 2760 1055 2826 videor
1077 2780 1147 2826 esse
1167 2780 1195 2825 ιι

64 2881 92 2930 25
109 2863 260 2945 dicturus,
284 2885 325 2930 ex
352 2866 498 2930 omnibus
525 2865 563 2930 iis
586 2865 640 2946 qui
667 2865 700 2928 in
724 2865 836 2928 harum
859 2864 975 2928 artium
997 2864 1147 2928 liberalis-

107 2968 194 3033 simis
226 2967 338 3034 studiis
368 2969 431 3033 sint
458 2968 672 3050 doctrinisque
694 2968 810 3033 versati
838 2966 1001 3032 minimam
1024 2967 1147 3051 copiam
1220 3013 1237 3024 .-

106 3079 271 3155 poe'tarum
301 3079 331 3136 et
360 3079 521 3138 oratorum
552 3073 751 3156 egregiorum
782 3071 935 3136 extitisse.
988 3076 1083 3153 atque
1113 3071 1146 3134 in

106 3175 166 3266 hoc
193 3175 265 3258 ipso
291 3195 431 3258 numero,
455 3176 487 3240 in
512 3197 574 3258 quo
596 3195 724 3259 perraro
747 3175 886 3240 exoritur
908 3173 1023 3256 aliquis
1046 3175 1146 3240 excel-

106 3280 185 3359 lens,
206 3279 234 3343 si
256 3277 424 3362 diligenter
447 3286 543 3345 etex
566 3286 743 3344 nostrorum
767 3285 798 3342 et
821 3299 862 3344 ex
885 3278 1076 3343 Graecorum
1099 3297 1146 3342 co·

8 3395 10 3406 ’
64 3398 91 3448 to
107 3383 160 3466 pia
191 3401 373 3466 comparare
406 3379 503 3465 uoles,
538 3383 635 3447 multo
669 3389 777 3446 tamen
811 3382 974 3465 pauciores
1008 3387 1146 3444 oratores

106 3505 203 3568 qnam
226 3490 338 3569 poetae
361 3486 436 3550 boni
454 3486 659 3569 reperientur.
684 3484 767 3567 quod
783 3483 843 3549 hoc
859 3484 954 3549 etiarn
970 3480 1146 3545 mirabilius
1165 3499 1196 3546 12

106 3589 203 3654 debet
226 3586 337 3670 videri,
361 3590 435 3672 quia
457 3595 631 3654 ceterarum
663 3589 778 3653 artium
808 3586 913 3652 studia
944 3584 1010 3648 fere
1039 3602 1145 3648 recon-

106 3691 182 3757 ditis
205 3696 300 3773 atque
322 3691 440 3758 abditis
463 3713 481 3757 e
502 3692 645 3758 fontibus
667 3691 863 3769 hauriuntur,
887 3685 1013 3750 dicendi
1038 3691 1145 3748 autern

105 3794 212 3860 omnis
241 3794 320 3860 ratio
349 3795 383 3859 in
414 3794 518 3860 medio
548 3794 651 3880 posita
682 3791 840 3857 communi
867 3785 1003 3912 quodapr
1028 3785 1062 3848 in
1085 3803 1143 3848 usu

956 3889 967 3934 1

1167 1086 1185 1141 3

1167 1160 1182 1208 9
