2834 4110
289 196 350 258 154
504 211 615 264 LIBER
629 211 665 265 II.
692 211 774 264 cAP.
788 213 899 267 77-78.
923 212 1099 274 §sla-316.

286 404 368 465 nem,
396 391 431 449 ut
460 385 499 450 iis
530 383 606 449 locis
635 384 682 448 uti
716 383 810 448 liceat
840 384 955 466 quibus
984 384 1159 449 animorum
1188 385 1314 468 impetus

215 493 393 556 suecorum
417 489 471 571 qui
493 487 626 552 audiant
648 494 703 552 aut
726 485 928 571 impellantur
949 493 1004 552 aut
1026 487 1236 553 reflectantur.
1273 494 1314 550 at·

285 612 346 673 que
376 593 471 658 etiam
487 592 520 656 in
536 591 589 657 illo
611 591 809 675 reprehendo
833 611 887 656 eos
910 591 973 673 qui,
990 610 1073 673 quae
1089 591 1218 657 minime
1232 591 1315 656 firma

285 702 368 776 sunt,
393 716 431 761 ca
453 695 556 779 prima
586 695 761 760 conlocant.
806 694 840 759 in
871 715 934 776 qno
964 695 1033 760 illos
1063 715 1190 777 quoque
1220 714 1315 759 errare

284 799 419 865 arbitror
441 799 506 881 qui,
530 799 556 863 si
579 796 707 879 quando
730 797 828 862 -id
852 797 937 879 quod
959 798 1037 862 mihi
1059 819 1232 880 numquam
1257 798 1355 881 pla-5

285 903 413 967 cuit-
436 902 535 986 pluris
558 900 712 965 adhibent
741 907 902 984 patronos,
932 908 968 965 ut
997 901 1030 965 in
1061 920 1187 984 quoque
1218 920 1317 965 eorum

286 1005 450 1069 minimum
472 1011 586 1089 putant
616 1023 696 1085 esse,
728 1004 772 1068 ita
803 1023 876 1068 eum
904 1005 1041 1088 primum
1068 1004 1180 1069 volunt
1209 1003 1317 1069 dicere.

284 1128 335 1173 res
358 1108 442 1172 enim
465 1108 525 1172 hoc
547 1108 694 1191 postulat,
717 1114 753 1172 ut
769 1127 876 1173 eorum
892 1107 1107 1192 expectationi
1123 1108 1177 1190 qui
1191 1107 1320 1173 audiunt

285 1231 381 1294 quam
412 1211 573 1276 celerrime
603 1217 823 1295 succurratur3
859 1211 909 1275 oui
939 1211 966 1276 si
1002 1210 1093 1275 initio
1127 1211 1319 1277 satisfactum

285 1336 349 1380 non
383 1315 433 1396 sit,
465 1314 562 1380 multo
592 1315 663 1398 plus
694 1314 735 1379 sit
763 1315 797 1378 in
831 1314 953 1397 reliqua
982 1334 1079 1379 causa
1105 1315 1375 1381 laborandum.10

284 1418 368 1483 male
392 1418 476 1482 enim
499 1437 533 1483 se
556 1437 608 1482 res
630 1417 728 1483 hebet
750 1437 832 1500 quae
855 1438 919 1483 non
942 1418 1059 1499 statim,
1083 1425 1119 1482 ut
1133 1418 1197 1483 dioi
1214 1424 1321 1503 coepta

215 1544 266 1591 314
285 1529 342 1603 est,
370 1522 481 1587 melior
511 1520 579 1585 fieri
613 1520 747 1587 videtur.
793 1541 869 1605 ergo
896 1529 931 1587 ut
963 1521 996 1586 in
1030 1529 1155 1587 oratore
1189 1523 1322 1606 optimus

285 1626 429 1709 quisque,
453 1625 499 1690 sio
520 1625 553 1690 in
576 1625 718 1690 oratione
733 1625 947 1691 firmissimum
964 1624 1103 1707 quidque
1119 1627 1160 1691 sit
1175 1627 1321 1710 primum

284 1730 360 1795 dum
394 1729 470 1794 illud
504 1735 611 1794 tamen
639 1729 671 1792 in
703 1735 836 1811 utroque
860 1736 1014 1809 teneatur,
1042 1736 1076 1793 ut
1098 1750 1138 1794 ea
1167 1750 1251 1812 quae
1274 1750 1323 1795 ex-

286 1835 400 1900 cellent
423 1839 589 1898 serventur
623 1832 719 1898 etiam
751 1831 794 1896 ad
824 1832 1054 1916 perorandum3
1086 1833 1113 1898 si
1141 1854 1206 1915 qua
1234 1840 1372 1900 emnt15

286 1937 457 2002 mediocria
480 1974 521 1983 —
545 1956 619 2000 uam
643 1936 764 2000 vitiosis
788 1954 943 2017 nusquam
967 1955 1037 2001 esse
1067 1943 1191 2020 oportet
1221 1937 1321 2002 locum

165 2051 166 2055 ’
214 2063 265 2111 315
284 2079 326 2088 —-
349 2041 382 2105 in
405 2040 543 2105 mediam
566 2039 692 2104 turbam
715 2047 811 2122 atque
826 2039 859 2103 in
875 2058 1005 2122 gregem
1021 2039 1205 2105 coiciantur.
1238 2041 1321 2106 hisce

284 2145 431 2210 omnibus
454 2145 548 2209 rebus
571 2142 779 2209 consideratis
795 2149 860 2206 tum
884 2142 1021 2224 denique
1037 2141 1070 2206 id
1085 2142 1171 2225 quod
1186 2145 1321 2227 primum

283 2255 331 2313 est
353 2247 524 2313 dicendum
540 2255 733 2331 postremum
749 2246 833 2311 soleo
851 2245 1000 2329 cogitare,
1018 2265 1080 2327 quo
1095 2252 1166 2310 utar
1182 2247 1320 2312 exordio.

283 2373 356 2416 nam
380 2352 406 2417 si
431 2350 556 2432 quando
579 2350 613 2415 id
635 2351 771 2433 primum
798 2349 941 2414 invenire
971 2349 1066 2430 volui,
1096 2350 1218 2414 nullum
1247 2350 1321 2415 mihi
1338 2360 1371 2408 ao

283 2455 417 2520 occurrit
438 2454 502 2519 nisi
524 2460 579 2517 aut
602 2453 686 2518 exile
709 2459 764 2517 aut
793 2453 994 2537 nugatorium
1024 2460 1079 2517 aut
1109 2453 1239 2537 volgare
1271 2462 1322 2520 aut

284 2577 458 2622 commune.

224 2680 258 2734 78
387 2660 548 2744 Principia
570 2666 677 2725 autem
699 2659 827 2726 dicendi
851 2680 976 2744 semper
1006 2680 1077 2724 cum
1107 2659 1263 2726 adcurate
1292 2669 1322 2728 et

281 2771 376 2829 acuta
399 2770 430 2828 et
452 2763 605 2828 instructa
628 2763 804 2844 sententiis,
827 2770 904 2848 apta
926 2764 1042 2844 verbis,
1066 2770 1133 2828 tum
1155 2785 1232 2830 vero
1255 2786 1322 2831 cau-

282 2887 388 2932 sarum
411 2867 538 2950 propria
560 2887 630 2933 esse
653 2867 780 2932 debent.
826 2867 928 2950 prima
959 2873 1007 2932 est
1037 2867 1123 2932 enim
1153 2869 1246 2949 quasi
1276 2890 1321 2935 co·
1338 2878 1368 2927 2⁵

282 2971 382 3055 gnitio
406 2978 438 3035 et
466 2970 697 3037 commendatio
722 2970 872 3036 orationis
906 2971 939 3035 in
973 2970 1143 3054 principio,
1178 2991 1322 3056 quaeque

282 3075 430 3140 continuo
454 3095 526 3139 eum
549 3074 603 3156 qui
626 3073 715 3138 audit
737 3074 932 3157 permulcere
947 3083 1044 3156 atque
1064 3074 1200 3140 adlicere
1216 3075 1319 3144 debet.

212 3203 262 3251 316
280 3179 314 3243 in
347 3199 408 3261 quo
435 3177 585 3243 admirari
613 3179 699 3244 soleo
728 3198 793 3242 non
820 3177 968 3260 equidem
1002 3179 1080 3244 istos
1116 3180 1172 3261 qui
1204 3182 1322 3246 nullam

281 3283 355 3348 huie
371 3283 416 3348 rei
432 3303 566 3367 operam
583 3280 749 3363 dederunt,
773 3281 830 3347 sed
853 3281 1014 3347 hominem
1037 3283 1070 3347 in
1093 3284 1203 3367 primis
1227 3285 1320 3351 discr-

281 3395 347 3452 tum
371 3395 465 3471 atque
489 3385 655 3466 eruditum,
689 3385 881 3469 Philippum,
916 3386 970 3467 qui
1004 3386 1049 3451 ita
1082 3387 1161 3453 solet
1193 3408 1320 3473 surgere
1337 3397 1366 3446 ³⁰

280 3489 322 3554 ad
352 3489 533 3570 dicendum,
566 3497 602 3554 ut
636 3489 720 3572 quod
753 3490 889 3573 primum
919 3489 1052 3554 verbum
1086 3490 1252 3556 habiturus
1282 3493 1320 3558 sit

282 3594 411 3658 nesciat.
459 3601 490 3659 et
511 3593 557 3658 ait
580 3592 675 3673 idem,
699 3612 770 3656 cum
793 3592 975 3657 bracchium
1000 3593 1232 3675 conoaliecerit,
1256 3603 1320 3660 tum

281 3714 315 3760 se
339 3696 438 3760 solere
469 3716 621 3780 pugnare,
653 3715 757 3776 neque
786 3694 923 3759 attendit
953 3714 1008 3759 eos
1034 3696 1121 3780 ipsos
1150 3697 1236 3762 unde
1263 3699 1320 3764 hoc

281 3797 384 3861 simile
408 3798 502 3862 ducat
525 3799 642 3881 primas
664 3798 734 3862 illas
757 3797 866 3864 hastas
889 3798 934 3861 ita
956 3798 1074 3863 iactare
1094 3799 1217 3881 leniter,
1241 3809 1320 3868 utet
