2836 4114
333 219 443 277 LIBER
462 223 513 278 ΙΙΙ.
538 223 744 281 Onaso-57.
776 229 955 291 §ala-216.
1047 292 1052 302 ι
1097 213 1160 277 227

123 397 357 464 Demosthenes
387 397 509 480 dicitur,
548 419 619 464 cum
650 406 814 484 rogaretur
847 401 923 484 quid
957 403 989 466 in
1023 402 1159 471 dicendo

124 510 206 568 esset
235 503 383 587 primum,
414 502 487 568 huic
518 502 684 584 secundas,
720 503 793 569 huic
825 505 944 570 tertias.
991 527 1052 589 quo
1083 508 1160 573 mihi

122 607 233 673 melius
257 607 353 670 etiam
375 606 452 672 illud
474 608 515 672 ab
537 607 697 674 Aeschine
720 607 840 673 dictum
860 608 963 674 videri
986 610 1081 675 solet:
1106 609 1160 692 qui

122 731 192 776 cum
215 717 344 796 propter
365 711 573 794 ignominiam
596 711 705 777 iudicii
728 713 875 778 cessisset
897 712 1032 779 Athenis
1063 722 1095 779 et
1125 733 1160 780 se

18 807 20 898 j
88 815 267 881 5Rhodum
299 815 491 897 contulisset,
529 823 658 899 rogatus
693 837 714 881 a
746 816 879 882 Rhodiis
913 817 1028 900 legisse
1062 817 1160 883 fertur

17 919 19 988 l
122 921 294 986 orationem
317 919 402 984 illam
426 921 587 1005 egregiam
611 941 706 1004 quam
728 921 761 985 in
785 920 1023 1006 Ctesiphontem
1051 927 1160 988 contra

121 1024 368 1090 Demosthenem
392 1023 532 1110 dixerat3
558 1045 620 1108 qua
650 1026 791 1109 perlecta
821 1025 954 1109 petitum
985 1025 1025 1090 ab
1050 1044 1087 1090 eo
1111 1033 1160 1090 est

15 1115 16 1126 ¹
121 1127 273 1212 postridie
305 1135 340 1196 ut
368 1129 488 1212 legeret
522 1129 608 1194 illam
640 1129 735 1194 etiam
767 1150 849 1213 quae
880 1135 947 1194 erat
977 1135 1087 1194 contra
1115 1131 1157 1195 ab

121 1231 336 1299 Demosthene
366 1253 422 1317 pro
446 1233 653 1318 Ctesiphonte
676 1233 779 1317 edita;
812 1254 908 1316 quam
938 1253 1010 1299 cum
1040 1233 1160 1300 suavis-

13 1355 14 1358 *
72 1349 102 1397 ιο
123 1337 201 1403 sima
236 1345 267 1402 et
296 1338 437 1402 maxima
469 1358 547 1404 voce
576 1338 706 1422 legisset
739 1337 971 1404 admirantibus
1001 1339 1157 1420 omnibns,

122 1436 260 1526 ‘quanto’
283 1442 385 1524 inquit
403 1434 521 1526 fmagis
544 1441 748 1524 miraremini,
772 1441 800 1507 si
828 1440 998 1507 audissetis
1025 1436 1159 1527 ipsuml'

10 1528 11 1550 ¹
122 1567 161 1612 ex
184 1567 246 1630 quo
270 1547 346 1612 satis
369 1546 562 1630 significavit
585 1554 737 1628 quantum
761 1552 845 1612 esset
875 1546 908 1610 in
939 1546 1072 1628 actione,
1104 1548 1158 1630 qui

8 1692 9 1754 p
121 1653 292 1717 orationem
316 1650 449 1717 eandem
473 1651 567 1715 aliam
583 1650 649 1714 fore
665 1649 784 1734 putarit
798 1656 905 1715 actore
921 1655 1050 1741 mutato.
1081 1651 1157 1733 quid
1177 1660 1227 1708 214
1334 1686 1336 1691 .

7 1776 8 1800 ι
120 1756 178 1820 fuit
200 1756 233 1820 iu
257 1753 407 1836 Graccho,
432 1775 525 1838 quem
541 1760 574 1819 tu
590 1754 712 1835 melius,
730 1754 849 1835 Catule,
865 1752 1048 1834 meministi,
1073 1754 1157 1836 quod

69 1869 102 1916 15
121 1881 169 1925 me
191 1878 290 1943 puero
313 1864 401 1923 tanto
429 1878 525 1943 opere
559 1857 747 1923 efferretur?
778 1850 850 1940 ‘quo
878 1877 929 1922 me
959 1856 1055 1922 miser
1085 1877 1157 1923 con-

38 1991 39 1994 *
120 1963 244 2028 feram?
274 1982 336 2044 quo
363 1964 508 2028 vertam?
537 1963 570 2026 in
602 1961 858 2046 Capitoliumne?
888 1967 922 2025 at
951 1960 1057 2026 fratris
1087 1981 1158 2026 san·

119 2068 215 2152 guine
237 2065 353 2132 madet.
399 2086 441 2131 an
461 2065 614 2132 domum?
637 2072 812 2131 matremue
827 2073 862 2131 ut
876 2049 1157 2130 miseram‘lamen-

119 2177 238 2238 tantem
261 2170 388 2236 videam
412 2176 443 2235 et
465 2164 659 2236 abiectam?'
682 2190 764 2252 quae
786 2170 832 2235 sic
854 2170 895 2234 ab
919 2169 972 2235 illc
993 2188 1062 2234 esse
1085 2175 1157 2234 acta

119 2277 283 2342 constabat
306 2275 404 2340 oculis
426 2293 505 2341 voce
528 2281 631 2359 gestu,
655 2272 776 2338 inimici
806 2279 841 2338 ut
870 2273 1017 2338 lacrimas
1047 2278 1156 2339 tenere

64 2396 101 2445 ao
118 2401 181 2445 nou
205 2384 342 2464 possent.
389 2379 468 2445 haec
490 2377 562 2444 ideo
586 2376 657 2441 dico
680 2377 833 2461 pluribus,
865 2375 949 2459 quod
970 2396 1073 2461 genus
1096 2377 1156 2442 hoc

118 2489 217 2548 totum
240 2489 389 2563 oratores,
413 2483 467 2565 qui
490 2489 563 2548 sunt
586 2481 731 2546 veritatis
753 2480 853 2566 ipsius
869 2486 1001 2562 actores,
1024 2481 1155 2564 relique-

117 2594 199 2669 runt,
222 2587 395 2652 imitatores
416 2593 524 2652 autem
546 2585 699 2666 veritatis,
715 2585 893 2665 histriones,
910 2591 1153 2669 occupaverunt.

117 2711 156 2756 ac
185 2691 254 2757 siue
284 2690 379 2756 dubio
410 2691 443 2756 in
471 2691 556 2756 omui
586 2710 620 2755 re
650 2690 750 2755 vincit
778 2688 988 2755 imitationem
1021 2689 1154 2772 veritas,
1175 2657 1225 2778 {⁵1⁷5

118 2795 175 2860 sed
198 2815 236 2860 ea
258 2795 286 2861 si
309 2795 386 2860 satis
415 2795 447 2858 in
471 2795 595 2860 actione
626 2793 766 2859 efficeret
796 2793 867 2878 ipsa
897 2812 954 2877 per
976 2811 1057 2875 sese,
1087 2797 1155 2857 arte
1249 2849 1254 2858 ,

63 2915 98 2963 25
114 2893 258 2983 'profecto
287 2919 351 2963 non
383 2917 557 2982 egeremus.
603 2917 711 2962 verum
747 2896 822 2979 quia
859 2895 957 2960 animi
991 2894 1154 2979 permotio,

118 3023 198 3086 quae
221 3002 360 3067 maxime
383 3007 438 3066 aut
460 2999 654 3066 declaranda
683 3006 738 3065 aut
766 2997 921 3064 imitanda
948 3003 996 3064 est
1018 2997 1154 3079 actione,

116 3107 300 3192 perturbata
322 3125 418 3189 saepe
441 3106 486 3170 ita
509 3111 566 3185 est,
590 3109 624 3168 ut
646 3103 830 3168 obscuretur
859 3123 897 3168 ac
919 3121 1022 3187 paene
1045 3104 1155 3169 obrua-

117 3218 176 3293 tur,
201 3208 400 3276 discutienda
422 3215 495 3275 sunt
518 3229 557 3274 ea
579 3227 661 3290 quae
683 3207 863 3288 obscurant,
880 3214 912 3272 et
928 3224 1065 3286 eaquae
1081 3211 1156 3271 sunt

117 3315 290 3380 eminentia
330 3321 361 3379 et
401 3319 548 3399 prompta
581 3311 743 3378 sumenda.
790 3311 893 3378 onmis
927 3308 1012 3375 euim
1052 3314 1226 3375 motusue

61 3437 97 3484 30
116 3421 214 3485 animi
237 3441 328 3486 sunm
351 3417 510 3501 quendam
532 3439 553 3483 a
575 3423 688 3482 natura
718 3417 815 3481 habet
836 3415 956 3479 voltum
988 3419 1020 3476 et
1043 3431 1156 3480 sonum

116 3532 149 3590 et
170 3529 310 3609 gestum3
334 3543 511 3607 corpusque
533 3527 633 3587 totum
655 3520 792 3585 hominis
815 3524 846 3584 et
870 3517 938 3584 eius
960 3519 1065 3584 omnis
1092 3518 1157 3582 vol-

117 3637 168 3694 tus
191 3646 363 3709 omnesque
386 3646 490 3707 voces,
514 3632 548 3690 ut
570 3624 661 3690 nervi
682 3624 716 3688 in
739 3621 864 3704 fidibus,
895 3622 940 3686 ita
963 3628 1089 3700 sonant,
1123 3627 1158 3685 ut

117 3753 138 3796 a
160 3738 246 3796 motu
268 3730 367 3797 animi
390 3749 514 3812 quoque
537 3735 610 3794 sunt
632 3727 751 3812 pulsae.
797 3745 871 3789 uam
894 3742 989 3792 voces
1012 3733 1048 3790 ut
1071 3720 1158 3788 chor-

117 3835 179 3902 dae
202 3842 275 3900 sunt
297 3834 447 3915 intentae,
465 3853 546 3916 quae
561 3830 602 3897 ad
619 3849 775 3914 quemque
790 3835 908 3894 tactum
924 3828 1157 3959 respondeant:

951 3931 985 3980 ιι·
