2866 4110
297 182 318 243 2
563 199 675 252 crana
694 200 714 252 r.
752 196 835 253 ons.
851 203 924 254 1-2.
961 205 976 264 s
995 203 1069 258 3-8.

263 394 280 440 4
299 372 354 436 otii
376 372 418 437 ad
441 373 643 438 scribendum
665 374 863 457 potissimum
886 372 1054 440 conferam.
1090 374 1149 439 tibi
1171 395 1256 455 vero,
1277 374 1337 440 fra-

298 481 359 556 ter,
391 496 494 558 neque
524 475 664 543 hortanti
694 476 788 542 deero
819 497 922 560 neque
952 478 1093 562 roganti,
1128 499 1203 542 nam
1233 499 1336 562 neque

298 579 483 644 auctoritate
507 563 672 662 quisquam
699 581 785 664 apud
808 601 858 646 me
881 581 952 665 plns
975 581 1081 646 valere
1104 589 1136 646 te
1150 569 1263 666 potest
1285 603 1337 647 ne-

263 700 361 765 aque
385 683 555 748 voluntate.
601 703 639 748 ac
662 683 739 748 mihi
761 684 936 768 repetenda
962 690 1011 749 est
1032 685 1149 751 veteris
1172 684 1337 751 cuiusdam

298 786 468 852 memoriae
500 807 564 851 non
594 806 671 852 sane
701 789 778 853 satis
807 788 968 872 explicata
997 787 1181 869 recordatio,
1210 788 1276 870 sed,
1303 796 1372 858 uta

297 890 441 970 arbitror,
469 896 545 977 apta
574 888 616 954 ad
646 890 678 954 id
709 890 793 972 quod
823 892 964 973 requirit,
988 898 1023 955 ut
1052 911 1225 974 cognoscas
1256 913 1338 974 quae

142 992 144 998 ’
206 1037 208 1041 s
298 993 373 1070 viri,
392 992 533 1058 omnium
567 993 815 1075 eloquentissimi
849 995 1076 1088 clarissimique
1110 995 1267 1060 senserint
1297 996 1338 1061 de

264 1097 384 1166 comni
407 1097 527 1161 ratione
551 1096 686 1162 dicendi.
732 1098 782 1164 vis
809 1099 904 1180 enim,
927 1105 962 1163 ut
988 1099 1065 1162 mibi
1093 1119 1189 1183 saepe
1216 1098 1337 1181 dixisti,

299 1201 448 1281 quoniam
471 1220 552 1282 quae
579 1202 685 1284 pneris
711 1208 767 1266 aut
793 1201 1039 1268 adulescentulis
1069 1204 1161 1268 nobis
1188 1224 1229 1268 ex
1257 1224 1339 1269 com-

198 1297 199 1302 ’
226 1301 228 1305 ’
298 1303 491 1368 menteriolis
514 1304 629 1369 nostris
651 1304 861 1394 incohataaac
883 1305 974 1370 rudia
996 1305 1184 1371 exciderunt
1202 1307 1258 1370 vix
1277 1307 1338 1372 hac
1359 1329 1391 1374 1o

299 1413 404 1472 aetate
431 1407 530 1491 digna
556 1415 588 1474 et
610 1407 671 1473 hoc
694 1387 977 1490 usufsooffqbem
1000 1429 1041 1473 ex
1065 1410 1168 1474 causis
1192 1429 1271 1492 quas
1293 1408 1338 1474 di-

300 1511 405 1575 ximus
432 1516 478 1575 tot
505 1512 665 1592 tantisque
693 1512 854 1576 consecuti
882 1517 998 1592 sumus,
1026 1511 1146 1592 aliquid
1173 1511 1274 1600 isdem
1297 1511 1338 1578 de

299 1616 393 1680 rebus
421 1613 548 1699 politius
577 1635 599 1678 a
627 1615 719 1683 nobis
748 1615 982 1698 perfectiusque
1011 1614 1161 1698 proferri3
1193 1615 1338 1697 solesque

299 1739 362 1783 non
385 1739 558 1801 numquam
581 1718 641 1782 hac
664 1718 705 1783 de
727 1739 761 1784 re
784 1739 804 1783 a
826 1739 877 1782 me
892 1719 926 1783 in
942 1703 1207 1803 disputationibus
1223 1720 1339 1785 nostris

298 1811 474 1903 dissentire,
505 1821 589 1903 quod
621 1841 679 1906 ego
710 1821 990 1887 eruditissimorum
1021 1823 1184 1886 hominum
1218 1823 1339 1888 artibus
1360 1845 1393 1890 15

298 1925 510 2006 eloquentiam
527 1926 680 1992 contineri
696 1931 842 2007 statuam,
859 1932 893 1990 tu
912 1932 1019 1992 autem
1042 1925 1127 1990 illam
1140 1927 1190 1996 ,ab
1215 1926 1339 2010 elegan-

298 2028 343 2092 tia
366 2028 527 2095 doctrinae
554 2029 786 2114 segregandam
812 2035 905 2113 putes
933 2030 1025 2096 etin
1053 2029 1190 2112 quodam
1217 2029 1339 2112 ingenii

297 2137 393 2212 atque
416 2133 653 2199 exercitationis
675 2153 792 2216 genere
815 2133 1005 2216 ponendam.

265 2259 280 2304 e
403 2236 450 2299 Ac
472 2234 550 2299 mihi
574 2235 701 2316 quidem
724 2255 951 2319 saepenumero
974 2235 1007 2297 in
1030 2252 1168 2314 summos
1195 2233 1340 2299 homines

299 2357 338 2402 ac
365 2338 497 2403 summis
523 2338 661 2421 ingeniis
688 2337 848 2422 praeditos
871 2336 1006 2400 intuenti
1030 2335 1245 2416 quaerendum
1268 2355 1339 2401 esse
1359 2359 1395 2406 ao

299 2441 402 2507 visum
423 2447 480 2522 est,
497 2441 573 2522 quid
597 2448 680 2506 esset
704 2460 758 2504 cur
776 2439 883 2522 plures
902 2439 934 2502 in
951 2427 1104 2504 'omnibus
1126 2440 1221 2504 rebus
1243 2451 1340 2520 quam

300 2546 333 2609 in
360 2544 495 2610 dicendo
521 2543 726 2608 admirabiles
753 2540 942 2608 extitissent.
989 2563 1063 2607 nam
1086 2562 1284 2625 quocumque
1307 2551 1339 2609 tc

198 2639 199 2643 ¹
299 2649 405 2714 animo
429 2654 460 2713 et
484 2648 674 2732 cogitatione
690 2646 891 2727 converteris,
908 2647 1079 2730 permultos
1098 2647 1283 2715 excellentis
1305 2648 1340 2712 in
1379 2633 1384 2640 ’

220 2824 224 2830 ,
300 2771 424 2835 quoqne
445 2771 564 2836 genere
586 2749 711 2815 videbis
730 2769 794 2814 non
810 2749 1014 2815 mediocrium
1028 2750 1153 2831 artium,
1169 2750 1226 2816 sed
1241 2771 1339 2834 prope

267 2855 521 2926 amaximarum.
568 2853 638 2935 quis
669 2853 752 2917 enim
785 2859 833 2918 est
863 2853 927 2934 qui,
950 2853 977 2918 si
1000 2854 1152 2918 clarorum
1176 2852 1340 2918 hominum
1357 2875 1395 2921 aa

301 2959 467 3024 scientiam
494 2977 598 3039 rerum
626 2963 787 3038 gestarum
810 2956 862 3020 vel
889 2956 1023 3022 utilitate
1046 2957 1097 3020 vel
1120 2955 1339 3040 magnitudine

300 3062 402 3128 metiri
429 3062 515 3142 velit,
544 3081 607 3126 non
634 3065 808 3143 anteponat
835 3060 949 3126 oratori
975 3059 1222 3144 imperatorem?
1268 3061 1339 3142 quis

299 3171 406 3230 autem
429 3164 553 3238 dubitet
575 3164 652 3245 quin
675 3163 749 3228 belli
773 3163 869 3228 duces
893 3184 934 3228 ex
954 3163 1013 3228 hac
1028 3164 1237 3228 unarcivitate
1252 3183 1339 3247 prae-

300 3269 511 3334 stantissimos
534 3288 635 3352 paene
663 3267 919 3348 innumerabiles,
943 3267 975 3330 in
999 3266 1134 3332 dicendo
1156 3272 1263 3332 autem
1286 3287 1350 3331 ex-¹

266 3373 451 3442 scellentes
478 3373 534 3437 vix
561 3391 678 3456 paucos
706 3370 846 3454 proferre
869 3370 1049 3455 possimus?
1083 3365 1148 3434 iam
1170 3390 1245 3434 vero
1269 3387 1340 3436 con·
1359 3391 1397 3441 ao

300 3476 369 3542 silio
392 3496 430 3541 ac
453 3475 611 3561 sapientia
626 3469 682 3557 qui
702 3493 813 3559 regere
835 3494 873 3538 ac
895 3475 1072 3557 gubernare
1094 3472 1339 3555 rempublicam

301 3587 440 3665 possent,
457 3581 547 3645 multi
561 3585 678 3660 nostra,
694 3579 800 3669 plures
815 3584 940 3662 patrum
959 3575 1111 3642 memoria
1128 3581 1224 3657 atque
1244 3575 1340 3640 etiam

301 3685 455 3752 maiorum
485 3685 667 3766 extiterunt,
698 3703 770 3748 cum
801 3682 875 3748 boni
905 3679 1017 3765 perdiu
1043 3679 1131 3759 nulli,
1154 3679 1210 3744 vix
1233 3685 1339 3744 antem

301 3788 434 3872 singulis
453 3789 611 3856 aetatibus
630 3788 747 3874 singuli
763 3785 942 3854 tolerabiles
957 3789 1096 3848 oratores
1111 3782 1337 3848 invenirentur.
