2834 4110
312 183 427 249 LIBER
446 183 481 236 ΙΙ.
512 183 595 237 GAP.
608 186 650 238 lt.
681 189 696 248 ξ
716 185 860 238 194-197.
883 263 885 270 Α
1050 167 1108 229 121

84 354 195 421 alienae
216 377 381 441 personae,
407 355 463 421 sed
486 363 593 422 auctor
616 375 718 436 meae,
742 375 813 419 oum
840 353 918 418 mihi
945 353 987 419 Μ’
1016 354 1110 436 Aqui·

84 457 136 522 lius
157 459 188 523 in
210 461 338 525 civitate
361 459 547 526 retinendus
571 465 666 541 esset,
690 479 772 542 quae
794 459 827 522 in
843 459 897 522 illa
913 477 1008 523 causa
1023 477 1110 541 pero-

85 562 175 626 randa
194 563 323 630 fecerim
352 565 422 629 sine
449 585 564 647 magno
593 562 699 628 dolore
730 562 853 628 fecisse.
900 582 994 644 quem
1026 561 1110 626 enirn
1130 571 1179 620 195

86 684 136 748 ego
167 669 325 733 consulem
354 667 464 748 fuisse,
498 669 721 752 imperatorem
755 672 900 731 ornatum
933 687 953 730 a
987 670 1109 745 senatu,

58 777 219 836 curantem
249 771 283 836 in
318 771 510 855 Capitolium
545 770 728 837 ascendisse
762 770 992 850 meminissem,
1026 769 1111 832 lrunc

84 892 146 937 cum
173 874 336 941 adflictum
359 874 560 940 debilitatum
584 879 778 939 maerentem
807 875 841 938 in
864 893 1021 940 summum
1052 871 1110 936 dis·

85 977 189 1042 crimen
211 978 386 1043 adductum
408 977 560 1060 viderem,
585 999 648 1044 non
671 978 758 1062 prius
781 997 850 1042 sum
874 983 1005 1043 conatus
1020 977 1110 1042 misc·

83 1079 238 1146 ricordiam
260 1082 331 1146 aliis
355 1101 554 1146 commovere
577 1102 673 1165 quam
696 1080 912 1146 misericordia
942 1101 1011 1146 sum
1042 1081 1111 1165 ipse

85 1190 192 1266 captus.
230 1186 315 1250 sensi
331 1184 479 1268 equidem
501 1192 568 1250 turn
591 1204 708 1269 magno
730 1204 824 1268 opere
845 1183 965 1250 moveri
980 1185 1110 1265 iudices,

28 1291 70 1340 ¹10
85 1305 145 1351 cum
168 1289 305 1354 excitari
329 1294 485 1353 maestum
510 1308 548 1353 ac
571 1287 767 1355 sordidatum
791 1307 900 1352 senem
917 1294 948 1352 et
964 1309 1035 1353 curn
1050 1289 1111 1354 ista

84 1389 137 1454 feci
159 1413 238 1474 quae
260 1399 305 1474 tu,
330 1392 454 1473 Crasse,
478 1392 600 1474 laudas,
624 1413 688 1457 non
710 1397 790 1473 arte,
815 1391 854 1456 de
879 1412 941 1474 qua
964 1392 1040 1474 quid
1070 1394 1111 1458 lo-

63 1513 152 1574 ‘quar
180 1496 296 1577 nescio,
329 1495 387 1561 sed
409 1502 496 1560 motu
523 1517 640 1580 magno
666 1495 765 1559 animi
794 1516 833 1560 ac
856 1494 971 1578 dolore,
1002 1503 1037 1562 ut
1067 1495 1111 1560 di-

83 1597 248 1664 scinderem
280 1599 431 1681 tunicam,
466 1605 501 1664 ut
524 1599 687 1664 cicatrices
711 1599 918 1664 ostenderem.
973 1619 1044 1664 cum
1076 1599 1109 1664 O.
1134 1611 1180 1658 ¹96

82 1701 189 1768 Marius
223 1722 399 1768 maerorem
433 1703 583 1768 orationis
617 1723 707 1767 meae
739 1723 892 1786 praesens
924 1723 962 1768 ac
996 1702 1111 1768 sedens

52 1807 203 1871 ¹5multum
226 1807 365 1871 lacrimis
389 1807 453 1872 suis
475 1806 642 1871 adiuvaret
666 1826 799 1887 cumque
823 1827 881 1890 ego
897 1807 985 1870 illum
1002 1807 1110 1871 crebro

82 1911 235 1992 appellans
259 1911 423 1993 conlegam
448 1911 477 1975 ei
500 1931 592 1975 suurn
609 1908 864 1974 commendarem
887 1915 983 1992 atque
1005 1910 1110 1993 ipsum

28 2029 29 2044 *
83 2013 260 2078 advocatum
283 2013 325 2078 ad
350 2034 548 2080 communem
571 2014 795 2098 imperatorum
818 2014 977 2078 fortunam
1005 2011 1111 2077 defen-

83 2115 210 2182 dendam
236 2119 429 2198 invocarem,
461 2139 523 2182 non
555 2117 615 2181 fuit
649 2115 728 2181 haec
759 2116 828 2182 sine
858 2117 937 2182 meis
963 2116 1109 2196 lacrimis,

83 2239 136 2284 non
159 2223 224 2287 sine
248 2221 359 2290 dolore,
378 2241 494 2304 magno
518 2220 678 2286 miseratio
701 2222 903 2303 omniumque
927 2221 1057 2286 deornm
1081 2227 1111 2284 et

51 2321 231 2391 ²0hominum
256 2332 288 2390 ct
311 2325 429 2390 civium
453 2331 484 2389 et
507 2326 664 2393 sociorum
687 2326 874 2409 imploratio.
919 2324 1033 2406 quibus
1049 2345 1111 2389 orn-

84 2429 165 2494 nibus
197 2429 315 2508 verbis,
351 2448 433 2510 quac
466 2449 487 2492 a
517 2449 568 2494 me
603 2435 669 2492 tum
704 2436 777 2493 sunt
810 2429 933 2509 habita,
968 2430 994 2494 si
1025 2427 1112 2493 dolor

84 2532 204 2598 afuisset
226 2553 327 2612 meus,
350 2552 414 2597 non
438 2532 531 2598 modo
554 2552 619 2597 non
642 2532 841 2612 miserabilis,
865 2532 922 2598 sed
950 2534 1046 2599 etiam
1069 2533 1111 2596 in-

84 2635 205 2701 ridenda
227 2636 340 2700 fuisset
368 2636 468 2700 oratio
491 2655 572 2700 mea.
620 2655 715 2717 quam
738 2637 778 2701 ob
802 2656 868 2700 rem
898 2637 958 2701 hoc
981 2657 1038 2702 vos
1061 2635 1112 2700 do-

85 2755 139 2819 cco,
162 2741 292 2824 Sulpici,
315 2741 418 2804 bonus
442 2759 501 2823 ego
517 2737 666 2803 videlicet
681 2745 778 2822 atque
795 2740 934 2804 eruditus
950 2740 1110 2824 magister,

52 2839 73 2889 ‘2⁵
86 2848 111 2904 ut
131 2844 161 2907 in
185 2843 321 2922 dicendo
344 2843 446 2923 irasci,
470 2849 505 2906 ut
529 2841 644 2924 dolere,
668 2849 702 2906 ut
725 2844 801 2909 flere
823 2844 959 2927 possitis.
1007 2851 1180 2925 quamss197

87 2962 168 3024 quam
198 2954 229 3012 te
258 2947 386 3030 quidem
414 2947 490 3029 quid
517 2947 578 3010 hoc
609 2946 755 3028 doceam,
792 2948 846 3028 qui
873 2948 906 3012 in
933 2945 1111 3012 accusando

28 3081 29 3102 1
87 3051 175 3116 sodali
197 3073 268 3117 rneo
292 3057 413 3115 tantum
443 3050 626 3115 incendium
656 3071 719 3115 non
750 3053 890 3116 oratione
914 3053 1023 3131 solum,
1055 3049 1109 3115 sed

89 3154 169 3220 etiarn
191 3156 290 3220 multo
312 3157 414 3239 magis
442 3155 475 3219 vi
502 3162 533 3220 et
557 3154 662 3218 dolore
690 3161 721 3219 et
748 3153 859 3219 ardore
885 3155 984 3218 animi
1012 3155 1112 3218 conci-

89 3257 168 3340 taras,
191 3266 225 3324 ut
249 3278 308 3342 ego
331 3259 373 3322 ad
395 3258 428 3322 id
443 3258 705 3341 restinguendum
721 3259 777 3322 vix
794 3276 924 3322 conarer
939 3254 1111 3320 accedere?

57 3351 78 3401 ³⁰
90 3354 230 3428 habueras
255 3363 340 3426 enim
363 3368 396 3426 tu
419 3363 525 3427 omnia
548 3363 581 3426 in
598 3383 694 3427 causa
717 3362 897 3444 superiora:
922 3360 985 3421 vim
1003 3355 1110 3441 sugam

90 3458 298 3548 lapidationem
322 3465 540 3531 crudelitatem
563 3466 765 3532 tribuniciam
788 3465 821 3527 in
838 3459 1006 3545 Caepionis
1021 3462 1112 3544 gravi

28 3613 29 3626 r
92 3566 309 3651 miserabilique
333 3589 408 3634 casu
431 3570 465 3633 in
488 3567 639 3633 iudicium
664 3568 822 3651 vocabas3
854 3561 970 3627 deinde
1000 3565 1113 3645 princi-

28 3717 30 3782 p
93 3683 149 3746 len
174 3682 206 3740 et
230 3679 366 3739 'senatus
394 3679 425 3736 et
456 3671 604 3753 civitatis,
636 3673 676 3735 M.
702 3671 881 3746 Aemilium,
910 3663 1016 3746 lapide
1048 3689 1113 3750 per-

93 3787 199 3842 cussum
223 3797 294 3842 esse
317 3778 499 3858 constabat;
531 3777 562 3839 vi
594 3776 719 3860 pulsum
748 3794 765 3836 e
792 3770 908 3852 templo
935 3767 970 3830 L.
989 3767 1114 3835 Cottam
