2866 4110
381 121 492 217 linus
512 164 533 217 1.
570 163 652 216 cnr.
668 167 707 218 ro.
744 165 890 226 sio-44.
1114 147 1151 208 11

110 340 242 418 bouem,
261 355 354 419 quem
370 343 403 402 tu
417 337 673 403 adulescentulus
688 335 859 420 percuhsti,
875 336 1022 419 ignarum
1037 335 1153 419 legum,

110 442 327 508 haesitantem
349 441 382 504 in
404 441 557 505 maiorum
579 440 740 524 institutis,
764 437 875 504 rudem
898 439 932 503 in
957 439 1025 504 iure
1052 439 1153 524 civili3

111 552 142 610 et
174 545 259 610 hace
288 550 378 609 aetas
402 551 509 610 nostra
536 538 722 628 praeter'te,
748 544 871 624 Crasse,
896 542 949 626 qui
976 548 1029 608 tuo
1052 544 1154 627 magis

111 649 217 714 studio
249 648 500 732 quam*propri0
532 667 662 713 munere
691 647 796 730 aliquo
831 646 1018 713 disertorum
1052 647 1101 711 ius
1134 668 1154 710 a

81 753 205 819 euobis
239 751 343 817 civile
383 750 537 833 didicisti,
578 750 662 834 quod
699 751 858 816 interdum
899 749 1035 834 pudeat,
1078 750 1154 815 iuris

111 859 224 941 ignara
248 863 306 922 est.
1096 925 1098 929 7

216 958 313 1036 Quod
346 979 420 1025 vero
453 961 486 1026 in
521 967 664 1026 extrema
701 961 842 1026 oratione
877 959 967 1043 quasi
1001 966 1054 1024 tuo
1088 960 1156 1022 iure
1173 974 1206 1022 41

113 1064 288 1149 sumpsisti,
312 1053 464 1128 oratore'm
487 1065 520 1128 in
547 1065 649 1130 omnis
679 1064 833 1152 sermonis
863 1063 1076 1148 disputatione
1107 1082 1155 1127 co·

112 1169 294 1253 piosissime
315 1168 433 1233 versari
455 1187 558 1252 posse,
581 1167 625 1248 id,
648 1168 709 1233 nisi
730 1167 784 1232 hic
808 1168 842 1232 in
868 1175 922 1232 tuo
948 1187 1047 1251 reguo
1074 1185 1155 1232 essc-

67 1290 96 1338 10
112 1294 190 1354 mus,
207 1292 275 1337 non
290 1272 441 1353 tulissem,
457 1272 626 1354 multisque
642 1271 814 1355 praeissem
835 1271 889 1353 qui
911 1278 966 1336 aut
987 1269 1155 1336 interdicto

113 1383 218 1442 tecum
251 1374 479 1441 contenderent
508 1382 563 1440 aut
593 1383 624 1441 te
655 1396 696 1440 ex
726 1374 794 1440 inre
819 1395 948 1440 manum
977 1381 1154 1440 consertum

113 1487 274 1560 vocarent,
299 1478 383 1562 quod
404 1478 438 1543 in
468 1479 590 1544 alienas
620 1480 835 1563 possessiones
865 1485 930 1544 tam
961 1483 1080 1544 temere
1110 1479 1154 1544 in·
1220 1473 1225 1482 ’

112 1585 240 1650 misses.
287 1590 419 1667 agerent
442 1582 526 1648 eninr
553 1589 658 1648 tecum
692 1582 763 1666 lege
793 1583 929 1666 primum
959 1582 1154 1667 Pythagorei
1173 1600 1208 1648 42

113 1707 224 1752 omnes
253 1693 350 1768 atque
374 1687 560 1752 Democritii
590 1686 748 1769 ceterique
778 1686 811 1750 in
843 1690 911 1751 iure
941 1704 999 1750 sua
1028 1687 1154 1771 physici

70 1809 97 1856 rs
113 1790 324 1870 vindicarent,
340 1791 442 1856 ornati
464 1790 609 1856 homines
631 1791 664 1855 in
687 1789 823 1856 dicendo
840 1797 1012 1872 etgraves,
1030 1792 1155 1874 quibus·
1258 1821 1261 1826 ·

115 1915 184 1960 cum
208 1894 269 1959 tibi
291 1895 373 1959 iusto
396 1901 594 1960 sacramento
617 1894 809 1959 contendere
831 1913 894 1958 non
918 1893 1034 1958 liceret.
1066 1914 1156 1979 urge-

114 2004 184 2063 rent
215 2004 382 2082 praeterea
411 1997 666 2082 philosophorum
697 2017 812 2082 greges
841 1998 904 2062 iam
927 1997 968 2062 ab
991 1997 1044 2062 illo
1067 1996 1155 2066 fonte

115 2108 146 2166 ct
169 2101 274 2186 capite
297 2101 442 2166 Socrate:
467 2100 546 2166 nihil
568 2109 600 2166 te
623 2100 663 2166 de
686 2103 779 2179 honis
800 2103 895 2166 rebus
918 2101 950 2165 in
973 2102 1049 2183 vita,
1073 2100 1153 2166 nihil

115 2204 155 2270 de
180 2205 284 2284 malis,
308 2203 387 2268 nihil
414 2203 454 2270 de
484 2206 581 2269 animi
612 2205 869 2288 permotionibus,
894 2205 973 2270 nihil
995 2204 1035 2270 de
1058 2205 1154 2270 homi-

69 2327 99 2374 ·20
115 2329 189 2373 num
224 2308 383 2389 moribus,
413 2308 492 2374 nihil
525 2308 565 2373 de
596 2309 721 2388 vratione
754 2307 839 2373 vitae
873 2307 1040 2391 didicisse,
1074 2309 1154 2374 nihil

116 2412 243 2477 omnino
268 2412 439 2493 quaesisse,
463 2411 542 2477 nihil
565 2413 645 2478 scire
668 2412 901 2478 convincerent.
941 2420 972 2477 et
995 2433 1066 2478 curn
1089 2415 1155 2478 uni-

115 2516 198 2580 versi
228 2516 262 2579 in
294 2520 325 2579 te
354 2516 507 2600 impetum
541 2516 701 2597 fecissent,
736 2522 802 2580 tum
837 2516 982 2599 singulae
1015 2516 1155 2582 familiae

115 2617 201 2683 litem
231 2618 293 2682 tibi
322 2618 531 2684 intenderent.
564 2619 711 2684 instaret
740 2619 923 2702 Academia,
952 2639 1043 2702 quae,
1072 2621 1155 2702 quie·
1174 2637 1208 2684 43

117 2721 190 2803 quid
213 2722 362 2804 dixisses,
384 2722 418 2787 id
441 2730 473 2788 te
499 2723 603 2808 ipsum
630 2743 749 2807 negare
777 2731 912 2808 cogeret.
959 2722 1057 2790 Stoici
1079 2744 1155 2789 vero

73 2845 100 2892 ss
117 2827 214 2892 nostri
245 2826 493 2911 disputationum
524 2847 652 2894 suarum
682 2834 778 2910 atque
805 2827 1087 2912 interrogationum
1113 2828 1156 2892 la·
1189 2887 1200 2904 ,

118 2932 204 3012 queis
236 2939 268 2996 te
299 2931 459 2996 inretitum
490 2938 644 2998 tenerent.
690 2931 892 3016 Peripatetici
923 2938 1030 2998 autem
1061 2932 1156 2996 etiam

118 3032 195 3100 haec
216 3037 297 3121 ipsa,
321 3056 402 3117 quae
428 3036 555 3119 propria
582 3041 746 3116 oratorum
763 3041 856 3119 putas
879 3056 949 3102 esse
971 3036 1156 3100 adiumenta

118 3145 211 3221 atque
242 3145 429 3203 ornamenta
456 3137 592 3220 dicendi,
615 3160 636 3202 a
665 3158 699 3203 se
726 3140 792 3222 peti
815 3140 979 3205 vincerent
1001 3146 1155 3223 oportere,

119 3261 155 3306 ac
176 3262 240 3307 non
264 3242 364 3307 solum
386 3242 525 3323 meliora,
542 3242 599 3307 sed
622 3242 718 3307 etiam
737 3244 834 3308 multo
850 3244 941 3327 plura
955 3242 1155 3307 Aristotelem

78 3361 105 3410 eo
120 3344 432 3430 Theophrastumque
462 3344 502 3410 de
532 3346 601 3412 istis
634 3346 729 3411 rebus
763 3366 858 3428 quam
892 3347 994 3411 omnis
1028 3343 1155 3408 dicendi

121 3448 285 3534 magistros
308 3449 472 3533 scripsisse
494 3447 706 3516 ostenderent.
745 3450 858 3516 missos
880 3449 961 3514 facio
984 3446 1155 3524 mathema·
1173 3464 1207 3512 44

121 3551 196 3618 ticos
225 3553 448 3638 grammaticos
477 3555 625 3635 musicos,
650 3574 780 3636 quorum
810 3553 931 3617 artibus
958 3556 1064 3615 vestra
1094 3549 1156 3613 ista

121 3654 244 3722 dicendi
255 3659 304 3723 vis
320 3678 360 3722 ne
375 3658 506 3722 minima
518 3657 645 3740 quidem
661 3657 811 3721 societate
828 3652 1035 3733 coniungitur.
1060 3669 1154 3729 quam
1217 3660 1221 3667 ’

121 3759 158 3824 ob
182 3780 247 3826 rem
269 3762 330 3825 ista
352 3765 442 3825 tanta
464 3767 592 3842 tamque
615 3759 713 3822 multa
735 3752 921 3839 profitenda,
945 3753 1067 3829 Crasse,
1091 3771 1157 3814 non·
