2836 4114
280 193 342 258 198
491 211 605 268 LIBER
617 211 669 266 111.
694 211 777 268 cAP.
790 213 902 270 27—28.
926 217 942 278 ξ
955 214 1099 269 107-110.

278 391 343 453 tem
366 386 477 454 disseri
500 386 627 470 copiose
649 386 731 452 licet.
778 406 860 468 quae
883 386 1067 453 exercitatio
1091 406 1175 452 nunc
1188 387 1330 471 propria

278 489 411 556 duarum
441 490 711 576 philosophiarum
744 489 786 556 de
819 491 935 574 quibus
964 497 1039 556 ante
1063 490 1141 585 ,dixi
1171 496 1328 576 putatur;

278 594 364 680 apud
386 595 533 678 antiquos
555 601 623 662 erat
646 614 753 660 eorum
776 615 797 660 a
819 595 934 678 quibus
956 596 1059 662 omnis
1086 593 1246 661 derebus
1277 594 1329 660 fo-

278 699 424 765 rensibus
456 698 584 764 dioendi
613 699 694 764 ratio
725 705 758 765 et
787 699 879 784 copia
909 701 1085 784 petebatur.
1131 698 1172 764 de
1201 700 1329 764 virtute

238 821 239 824 ’
278 804 373 885 enim,
397 803 438 868 de
460 803 575 886 officie,
599 802 640 869 de
662 823 764 885 aequo
789 804 929 884 othone,
952 802 993 870 de
1009 802 1165 888 dignitate
1181 804 1327 870 utilitate
1349 816 1367 864 5

277 907 396 974 honore
416 908 593 993 ignominia
614 907 758 992 praemio
783 927 889 992 poena
911 907 1129 990 similibusque
1158 905 1200 972 de
1223 909 1328 974 rebus

278 1013 312 1078 in
341 1017 507 1094 utramque
534 1017 657 1096 partem
690 1011 819 1076 dicendi
848 1012 971 1077 animos
1001 1016 1033 1077 et
1063 1011 1128 1076 vim
1159 1017 1190 1077 et
1218 1018 1327 1076 artem

210 1126 259 1176 108
278 1116 396 1181 habere
426 1114 589 1182 debemus.
635 1114 693 1182 sed
724 1115 873 1197 quoniam
904 1113 945 1180 de
975 1120 1083 1181 nostra
1117 1115 1327 1199 possessione

278 1219 401 1305 depulsi
423 1219 457 1285 in
479 1239 578 1303 parvo
601 1225 633 1285 et
655 1239 692 1285 eo
716 1219 854 1303 litigioso
885 1219 1048 1303 praediolo
1078 1218 1180 1284 relicti
1209 1239 1325 1285 sumus

279 1330 311 1391 et
333 1324 465 1390 aliorum
487 1325 611 1408 patroni
633 1330 742 1390 nostra
763 1330 872 1390 tenere
895 1323 1039 1406 tuerique
1061 1344 1125 1389 non
1146 1324 1323 1408 potuimus,
1348 1334 1383 1382 10

278 1429 319 1494 ab
342 1428 390 1510 iis,
415 1426 499 1511 quod
520 1427 777 1512 indignissimum
800 1433 858 1509 est,
882 1428 936 1509 qui
958 1427 992 1492 in
1014 1433 1156 1494 nostrum
1171 1428 1324 1512 patrimo

278 1534 367 1599 nium
389 1532 575 1617 inruperunt
598 1533 682 1616 quod
704 1552 783 1617 opus
805 1539 854 1598 cst
876 1531 968 1599 nobis
991 1537 1178 1597 mutuemur.

211 1607 260 1731 ,20⁸9
382 1637 501 1704 Dicunt
530 1636 627 1721 igitur
655 1658 741 1703 nunc
770 1636 898 1720 quidem
928 1636 973 1701 illi
1011 1636 1065 1719 qui
1095 1656 1137 1702 ex
1162 1637 1324 1720 particula

165 1766 167 1769 ·
278 1763 379 1828 parva
399 1742 487 1808 urbis
508 1762 547 1808 ac
568 1742 630 1808 looi
651 1762 769 1808 nomen
793 1741 914 1807 habent
936 1746 968 1805 et
990 1739 1192 1825 Peripatetici
1219 1739 1323 1824 philo

279 1847 371 1932 sophi
393 1853 448 1912 aut
477 1845 661 1912 Academici
694 1846 908 1926 nominantur,
942 1844 1017 1910 olim
1050 1851 1157 1909 autem
1189 1850 1324 1929 propter
1345 1855 1380 1903 15

280 1952 430 2018 eximiam
452 1972 556 2017 rerum
579 1951 790 2016 maximarum
812 1949 977 2017 scientiam
998 1969 1020 2014 a
1043 1949 1173 2016 Graecis
1198 1949 1324 2033 politici

280 2055 458 2141 philosophi
479 2055 631 2141 appellati
653 2054 874 2120 universarum
904 2073 1008 2118 rerum
1037 2053 1235 2138 publicarum
1264 2075 1323 2120 no·

199 2198 201 2202 .
280 2160 365 2226 mine
394 2160 600 2245 vocabantur,
632 2179 759 2244 omnem
791 2158 916 2224 civilem
944 2157 1119 2223 orationem
1148 2157 1183 2222 in
1205 2157 1323 2223 horum
1410 2243 1411 2246 Ἴ

280 2266 429 2332 alterutro
451 2284 569 2349 genere
591 2265 731 2330 versari:
755 2269 810 2329 aut
833 2262 985 2328 definitae
1007 2262 1238 2328 controversiae
1255 2283 1321 2328 cer-

279 2369 320 2434 tis
343 2369 537 2453 temporibus
558 2388 596 2433 ao
618 2369 691 2450 reis,
716 2367 776 2433 hoc
799 2365 909 2434 modo:
939 2367 1106 2451 placeatne
1138 2386 1158 2432 a
1188 2365 1321 2432 Cartha·
1340 2375 1377 2423 20

279 2473 477 2557 giniensibus
510 2473 653 2557 captivos
686 2478 809 2537 nostros
842 2470 974 2538 redditis
1011 2471 1077 2536 suis
1113 2471 1321 2554 recuperari?

279 2583 334 2642 aut
355 2577 479 2642 infinite
501 2575 542 2642 de
564 2577 711 2643 universo
736 2597 854 2661 genere
869 2576 1066 2659 quaerentis:
1091 2574 1168 2658 quid
1189 2575 1322 2642 omnino

279 2681 320 2747 de
342 2681 468 2765 captivo
490 2680 693 2747 statuendum
716 2700 754 2745 ac
776 2681 977 2747 sentiendum
1000 2681 1065 2746 sit?
1088 2686 1184 2762 atque
1206 2679 1323 2746 horum

279 2785 423 2869 superius
445 2783 523 2849 illud
545 2804 647 2868 genus
673 2803 800 2851 oausam
822 2792 877 2850 aut
894 2785 1142 2851 controversiam
1156 2784 1323 2869 appellant

279 2894 413 2972 eamque
435 2889 545 2971 tribus,
569 2889 623 2955 lite
645 2896 701 2955 aut
724 2889 952 2956 deliberatione
974 2895 1030 2954 aut
1050 2888 1243 2970 laudatione,
1267 2889 1321 2956 de·
1341 2895 1374 2944 ²⁵

278 2993 409 3079 finiunt3
432 2992 512 3060 haec
533 3000 641 3060 autem
662 2995 765 3060 altera
788 2994 933 3077 quaestio
955 2993 1081 3059 infinita
1096 2999 1128 3060 et
1143 2993 1234 3076 quasi
1250 3015 1320 3078 pro

213 3103 262 3152 110
280 3098 383 3185 posita
402 3098 589 3165 consultatio
611 3099 800 3166 nominatur.
836 3105 932 3182 atque
958 3097 1121 3186 [hactenus
1136 3095 1320 3187 loquuntur]

279 3204 340 3270 hac
362 3202 459 3269 etiam
480 3204 516 3268 in
537 3202 731 3270 instituendo
755 3202 912 3268 divisione
933 3207 1073 3284 utuntur,
1097 3200 1153 3268 sed
1175 3202 1230 3284 ita,
1255 3222 1321 3268 non

278 3316 315 3374 ut
335 3309 403 3374 iure
425 3313 480 3374 aut
501 3307 627 3389 iudicio,
650 3308 684 3373 vi
706 3306 845 3389 denique
867 3326 1055 3392 recuperare
1077 3306 1227 3372 amissam
1249 3327 1321 3391 pos·

279 3412 462 3494 sessionem,
486 3411 543 3478 sed
565 3417 601 3477 ut
623 3410 702 3499 [iure
726 3409 820 3499 civili]
842 3411 969 3477 ‘surculo
993 3409 1205 3495 defringendo
1232 3430 1321 3476 usur·
1340 3415 1372 3466 3⁰

278 3535 354 3600 pare
387 3514 565 3581 videantur.
620 3535 694 3579 nam
727 3514 805 3579 illud
836 3514 970 3579 alterum
1003 3534 1114 3598 genus,
1153 3511 1238 3596 quod
1272 3520 1322 3580 est

279 3619 472 3703 temporibus
496 3618 574 3685 locis
596 3618 660 3684 reis
687 3617 862 3699 definitum,
879 3618 1032 3699 obtinent,
1056 3625 1152 3701 atque
1166 3616 1200 3682 id
1215 3618 1321 3702 ipsum

278 3721 395 3787 lacinia
416 3759 459 3769 —
480 3742 566 3787 nnnc
589 3721 674 3787 enim
702 3721 788 3805 apud
810 3720 987 3802 Philonem,
1015 3742 1109 3804 quem
1139 3722 1173 3787 in
1199 3721 1320 3788 Acade-

278 3823 342 3888 mia
363 3823 472 3907 vigere
495 3824 601 3888 andin.
625 3824 722 3889 etiam
752 3823 864 3889 harum
895 3823 958 3888 iarn
981 3845 1147 3891 causarum
1178 3826 1318 3910 cognitio
