2836 4114
313 143 431 198 LIBER
449 143 501 198 111.
520 143 602 199 oAP.
619 145 731 201 45-46.
759 147 774 209 9
794 146 938 201 177-180.
1080 127 1143 191 217

111 317 245 383 iacentia
277 318 464 386 sustulimus
494 317 653 399 emedio,
685 317 766 383 sicut
795 318 1011 384 mollissimam
1042 337 1146 384 ceram

111 421 155 485 ad
175 429 312 489 nostrum
334 422 501 488 arbitrium
517 421 689 488 formamus
713 429 744 487 et
759 421 918 506 fingimus.
957 421 1064 505 itaque
1079 428 1146 487 turm

111 546 224 609 graves
245 546 366 609 sumne,
389 532 457 592 tum
479 527 621 608 subtiles,
644 533 712 590 tum
734 525 874 593 medium
897 523 1047 610 quiddam
1062 532 1146 592 tene

112 649 196 716 mus,
219 631 266 696 sic
286 629 466 697 institutam
489 636 628 697 posnam
653 631 845 695 sententiam
867 629 1008 713 sequitur
1037 631 1146 697 oratio·

79 734 162 800 enis
186 755 287 819 genus
313 733 412 818 idque
441 733 484 798 ad
513 755 640 801 omnem
672 740 704 799 et
733 735 857 801 aunum
887 733 1081 820 voluptatem
1115 740 1146 800 et

18 855 20 933 p
110 839 284 905 animorum
306 845 428 904 motum
450 845 588 904 mutatur
615 844 647 903 et
669 838 809 904 vertitur.
856 837 913 904 sed
935 845 970 903 ut
992 838 1215 922 inpleris-1⁷8

19 970 20 1006 l
111 962 171 1024 quc
199 945 295 1010 rebus
323 941 551 1009 incredibiliter
577 942 638 1008 hoc
668 949 782 1008 natura
812 949 860 1009 est
881 944 952 1029 ipsa
981 942 1145 1025 fabricata,

109 1046 209 1112 sicin
232 1047 384 1128 oratione,
408 1053 442 1112 ut
465 1067 504 1112 ea
537 1067 618 1130 quae
652 1046 825 1112 maximam
855 1048 1022 1113 utilitatem
1051 1048 1085 1114 in
1111 1067 1146 1113 se

110 1150 318 1232 continerent,
342 1149 511 1235 plurimum
534 1150 646 1216 eadem
669 1150 825 1217 haberent
847 1151 900 1217 vel
915 1150 1080 1234 dignitatis
1095 1152 1146 1217 vel

63 1268 92 1316 ιο
109 1274 204 1340 saepe
227 1255 325 1322 etiam
347 1256 533 1321 venustatis.
579 1254 804 1324 incolumitatis
827 1275 865 1322 ac
881 1255 991 1322 salutis
1006 1258 1145 1322 omnium

17 1401 18 1404 =
110 1379 205 1425 eausa
227 1357 375 1425 videmus
397 1357 483 1424 hunc
505 1365 621 1426 statum
646 1379 716 1425 esse
738 1359 832 1426 huius
853 1359 948 1425 totius
971 1361 1081 1427 mundi
1103 1367 1146 1424 at-

110 1483 169 1546 que
192 1469 336 1544 naturae,
359 1461 528 1528 rotundum
550 1470 585 1529 ut
608 1464 730 1528 caelum
753 1470 899 1548 terraque
922 1469 956 1528 ut
978 1465 1083 1530 media
1106 1465 1147 1529 sit

110 1589 209 1652 eaque
232 1587 291 1634 sua
314 1567 346 1633 vi
369 1572 510 1650 nutuque
533 1573 696 1653 teneatur;
728 1569 774 1633 sol
804 1574 839 1633 ut
869 1567 986 1633 circum
1010 1588 1080 1634 eam
1103 1567 1146 1632 fe·

108 1679 203 1754 ratur,
231 1678 268 1737 ut
297 1670 429 1737 accedat
455 1669 497 1736 ad
526 1671 669 1737 brumale
700 1672 826 1757 signum
857 1679 889 1738 et
922 1671 998 1737 inde
1028 1671 1146 1738 sensim

62 1775 264 1843 reascendat
285 1776 319 1840 in
342 1775 500 1842 diversam
522 1782 664 1861 partem;
687 1783 722 1842 ut
737 1778 813 1843 luna
827 1795 957 1842 accessu
975 1785 1006 1842 et
1021 1796 1145 1842 recessu

108 1901 165 1946 suo
189 1881 265 1946 solis
287 1881 394 1945 lumen
416 1880 568 1966 accipiat3
592 1885 627 1945 ut
650 1880 763 1946 eadem
788 1881 892 1966 spatia
914 1881 1053 1966 quinque
1076 1881 1146 1947 stel-

17 2006 20 2110 γ
107 1986 158 2050 lae
181 1985 302 2068 dispari
324 1990 410 2049 motu
434 2004 588 2067 cursuque
611 1983 790 2050 conficiant.
838 1985 918 2050 haec
946 1992 1067 2051 tantam
1094 1984 1146 2049 ha·
1166 1993 1214 2042 179

107 2090 187 2155 bent
208 2088 284 2169 vim,
308 2086 437 2172 paulum
458 2093 493 2153 ut
523 2087 690 2153 immutata
722 2087 890 2154 cohaerere
919 2111 983 2156 non
1015 2087 1145 2174 possint,

107 2200 233 2258 tantam
255 2190 531 2276 pulchritudinem,
554 2197 589 2256 ut
611 2192 698 2257 nulla
720 2193 842 2277 speeies
864 2212 905 2257 ne
928 2193 1059 2278 cogitari
1082 2194 1146 2274 qui-

59 2309 90 2358 to
108 2297 183 2362 dem
205 2295 305 2381 possit
326 2296 473 2363 ornatior.
518 2296 634 2361 referte
656 2317 741 2362 nunc
763 2296 903 2362 animum
926 2297 968 2362 ad
984 2296 1146 2365 hominum

108 2401 161 2467 vel
192 2401 287 2466 etiam
319 2406 492 2465 ceterarum
522 2400 730 2468 animantium
761 2400 894 2466 formam
928 2409 960 2468 et
993 2402 1144 2486 figuram:

108 2505 229 2571 nullam
253 2510 375 2589 partem
399 2504 537 2589 corporis
559 2505 628 2570 sine
651 2504 757 2588 aliqua
781 2505 970 2573 necessitate
998 2505 1146 2572 adfictam

108 2616 272 2691 totamque
294 2607 429 2673 formam
461 2609 552 2692 quasi
575 2608 749 2694 perfectam
779 2609 945 2694 reperietis
974 2618 1051 2692 arte,
1081 2631 1146 2675 non

16 2637 19 2766 r
110 2734 194 2780 casu.
242 2711 318 2796 quid
351 2713 385 2777 in
417 2711 468 2778 his
497 2712 673 2794 arboribus,
702 2713 737 2776 in
772 2714 886 2797 quibus
912 2735 975 2781 non
1006 2722 1145 2795 truncus,
1169 2715 1206 2770 46

59 2827 91 2877 25
110 2837 173 2884 non
195 2816 286 2899 rami,
310 2836 373 2880 non
396 2815 472 2882 folia
494 2824 569 2884 sunt
592 2817 730 2899 denique
752 2818 815 2884 nisi
837 2817 879 2882 ad
902 2839 991 2886 suam
1012 2818 1145 2884 retinen-

111 2920 184 2986 dam
214 2920 527 3003 conservandamque
561 2925 731 2986 naturam?
764 2940 921 3003 nusquam
958 2930 1065 2988 tamen
1099 2929 1147 2986 est

16 3027 18 3126 l
110 3025 173 3090 ulla
205 3043 280 3110 pars
314 3023 377 3089 nisi
410 3031 554 3091 venusta.
600 3024 780 3107 linquamus
820 3031 965 3092 naturam
998 3032 1146 3106 artesque
1166 3031 1215 3081 180

16 3161 17 3172 2
111 3129 283 3196 videamus.
324 3127 398 3210 quid
420 3135 485 3194 tam
504 3130 538 3194 in
554 3129 682 3214 navigio
698 3129 911 3195 necessarium
927 3149 1021 3214 quam
1036 3127 1144 3208 latera,

111 3253 205 3316 quam
236 3251 401 3314 cavernae,
433 3254 528 3317 quam
559 3253 662 3318 prora,
694 3253 788 3316 quam
815 3234 940 3318 puppis,
969 3251 1063 3314 quam
1093 3251 1145 3295 an-

62 3345 93 3396 eo
109 3345 236 3418 termae,
260 3353 355 3418 quam
377 3338 458 3420 vela,
482 3358 577 3421 quam
604 3337 705 3403 mali?
734 3358 815 3420 quae
845 3342 953 3404 tamen
983 3333 1066 3399 hanc
1093 3334 1146 3400 ha-

110 3444 187 3509 bent
209 3441 242 3505 in
272 3440 378 3524 specie
407 3448 618 3523 venustatem,
647 3447 682 3506 ut
711 3462 774 3507 non
804 3440 905 3506 solum
935 3438 1055 3522 salutis,
1088 3439 1146 3506 sed

112 3547 206 3612 etiam
228 3545 399 3629 voluptatis
422 3566 518 3613 causa
548 3547 680 3611 inventa
711 3565 780 3612 esse
810 3543 986 3610 videantur.
1033 3545 1146 3610 colum·

112 3671 172 3716 nae
195 3646 249 3737 [et]
272 3650 391 3733 templa
414 3657 446 3717 et
467 3651 606 3735 porticus
629 3651 802 3734 sustinent;
825 3654 933 3716 tamen
948 3648 1068 3715 babent
1083 3670 1147 3716 non

112 3755 182 3839 plus
204 3753 348 3818 utilitatis
370 3774 466 3836 quam
489 3754 663 3839 dignitatis.
711 3753 858 3839 Capitolii
885 3755 1047 3840 fastigium
1069 3755 1147 3822 illud

314 4063 428 4074 -ι-Ι-
