2866 4110
289 181 332 244 40
506 199 618 252 urana
636 199 656 252 1.
688 198 895 254 onnes-37.
926 203 1106 262 sios-ros.

290 372 402 454 inquit
425 372 557 437 Crassus
591 364 708 436 ‘mirari
742 371 819 436 satis
851 392 915 435 uon
943 391 1024 452 queo
1056 372 1153 435 etiam
1179 378 1212 435 te
1239 371 1329 452 haec,
1412 349 1413 360 ἵ

289 475 453 557 Scaevola,
465 474 655 555 desiderare,
665 494 747 556 quae
762 494 865 556 neque
881 494 941 557 ego
956 475 1001 538 ita
1015 481 1108 538 teneo
1123 481 1158 538 ut
1173 475 1196 538 ii
1212 475 1267 556 qui
1279 475 1330 540 do·

290 586 362 644 cent
382 599 485 660 neque
505 584 578 644 sunt
599 578 666 643 eius
685 578 811 662 generis
826 585 870 658 ut,
887 578 913 642 si
929 578 1047 661 optime
1063 585 1214 659 tenerem,
1231 578 1331 662 digna

248 732 251 740 .
290 689 396 748 essent
412 683 473 747 ista
489 682 644 765 sapientia
660 701 698 746 ac
713 682 775 746 tuis
791 677 941 745 auribus.³
969 675 1033 746 ‘ain
1049 677 1118 746 tui'
1140 681 1244 763 inquit
1266 682 1329 747 ille.

289 780 327 851 ‘si
358 785 398 850 de
423 786 493 850 istis
524 784 742 850 communibus
770 791 801 849 et
831 786 1012 868 pervagatis
1042 771 1097 850 vin
1127 785 1202 850 huic
1231 788 1368 852 aetatis

289 887 482 954 audiendum
501 895 604 972 putas,
622 889 758 953 etiamne
781 889 834 952 illa
854 889 1023 973 neglegere
1045 909 1222 973 possumus,
1247 909 1331 970 quae

290 998 323 1055 tu
347 993 459 1058 oratori
482 991 704 1075 cognoscenda
727 1012 797 1057 esse
813 991 938 1056 dixisti:
962 992 1002 1057 de
1018 993 1139 1056 naturis
1154 991 1329 1074 homiuum,

290 1095 330 1161 de
357 1096 505 1179 moribus,
535 1095 574 1160 de
604 1095 780 1160 rationibus
809 1095 848 1160 iis
876 1095 990 1177 quibus
1017 1095 1178 1159 hominum
1205 1101 1331 1161 mentes

290 1207 321 1265 et
343 1199 549 1263 incitarentur
573 1206 604 1262 et
626 1199 879 1282 reprimerentur,
903 1196 943 1262 de
969 1197 1109 1279 historia,
1132 1199 1173 1262 de
1196 1199 1331 1280 antiqui-

289 1310 365 1382 tate,
388 1301 429 1366 de
451 1302 723 1367 administratione
751 1302 796 1366 rei
819 1301 975 1385 publicae,
999 1300 1137 1383 denique
1159 1301 1200 1366 de
1223 1309 1332 1368 nostro
1355 1322 1390 1368 10

288 1407 358 1490 ipso
370 1406 438 1469 iure
450 1405 557 1470 civili?
580 1404 663 1468 hanc
675 1406 760 1469 enim
772 1424 831 1487 ego
847 1425 973 1469 omnem
985 1405 1150 1469 scientiam
1162 1411 1194 1468 et
1206 1406 1330 1488 copiam

288 1529 392 1573 rerum
415 1509 449 1572 in
471 1515 527 1572 tua
548 1507 717 1592 prudentia
739 1509 878 1573 sciebam
900 1508 1020 1591 inesse,
1043 1508 1076 1572 in
1100 1508 1231 1573 oratoris
1254 1529 1332 1575 vero

288 1613 496 1676 instrumento
516 1617 581 1675 tam
600 1612 719 1675 lautam
735 1610 962 1694 supellectilem
977 1631 1149 1692 numquam
1164 1610 1332 1676 videram'

221 1740 270 1788 156
393 1709 498 1781 ‘Potes
527 1711 635 1798 igitur‘
665 1715 767 1795 inquit
794 1714 927 1779 Crassus
954 1707 1000 1778 ‘ut
1025 1715 1088 1778 alia
1111 1715 1255 1781 omittam
1284 1716 1332 1780 in-

289 1820 499 1885 numerabilia
530 1826 561 1884 et
590 1821 746 1883 immensa
773 1824 804 1882 et
835 1817 877 1881 ad
908 1819 1011 1901 ipsum
1039 1818 1132 1883 civile
1159 1819 1209 1883 ius
1239 1825 1330 1884 tuum
1356 1836 1391 1882 15

289 1925 426 2006 veniam,
450 1930 590 1990 oratores
613 1929 725 2007 putare
748 1942 802 1986 eos
826 1941 904 2002 quos
927 1921 1041 1985 multas
1064 1921 1158 1986 horas
1180 1931 1331 2006 expecta-

191 2063 195 2070 ·
289 2029 345 2108 vit,
370 2048 441 2092 cum
463 2029 496 2092 in
521 2049 668 2111 campum
691 2032 883 2110 properaret,
909 2032 939 2089 et
954 2023 1062 2090 ridens
1079 2031 1110 2089 et
1125 2025 1332 2092 stomachans

289 2131 452 2214 Scaevola;
478 2151 548 2194 cum
571 2132 741 2214 Hypsaeus
769 2130 910 2193 maxima
932 2147 1020 2207 voce,
1046 2128 1193 2211 plurimis
1222 2130 1332 2194 verbis

289 2255 308 2298 a
331 2234 371 2297 M.
390 2235 503 2298 Crasso
526 2241 671 2316 praetore
694 2231 899 2298 contenderet
915 2237 948 2295 ut
970 2231 1000 2295 ei
1023 2251 1117 2312 quem
1133 2230 1332 2297 defendebat

290 2357 386 2401 causa
409 2336 522 2400 cadere
545 2336 663 2416 liceret,
689 2337 745 2400 Cn.
762 2342 869 2398 autern
893 2333 1044 2399 Octavius
1067 2333 1160 2398 homo
1189 2336 1332 2400 consula·
1354 2351 1393 2396 ‘ao

289 2440 332 2503 ris
360 2459 422 2503 non
450 2439 554 2503 minus
583 2439 679 2522 longa
706 2439 848 2502 oratione
875 2444 1032 2502 recusaret
1060 2454 1101 2501 ne
1128 2436 1333 2521 adversarius

289 2562 386 2606 causa
408 2541 535 2606 caderet
550 2563 589 2606 ac
604 2561 645 2606 ne
661 2542 688 2606 is
704 2561 760 2625 pro
783 2560 845 2621 quo
869 2541 937 2624 ipse
960 2540 1077 2604 diceret
1100 2541 1183 2623 turpi
1210 2542 1332 2607 tutelae

289 2644 405 2711 iudicio
427 2652 523 2727 atque
546 2646 632 2710 omni
654 2645 800 2709 molestia
823 2644 956 2710 stultitia
978 2643 1154 2708 adversarii
1181 2644 1332 2710 liberare·

221 2770 269 2818 ror
289 2743 372 2812 tur‘l’
417 2742 488 2831 ‘ego
518 2769 592 2813 vero
625 2744 712 2813 istos'
747 2747 850 2829 inquit
884 2786 926 2793 —
957 2741 1096 2812 ‘memini
1131 2747 1215 2811 enim
1250 2749 1333 2812 mihi

288 2872 416 2916 narrare
438 2852 574 2916 Mucium
600 2889 640 2899 -
663 2872 726 2916 non
750 2851 842 2916 modo
877 2852 1008 2916 oratoris
1031 2851 1168 2930 nomine,
1206 2851 1264 2916 sed
1289 2872 1334 2916 ne
1358 2866 1395 2912 aa

289 2955 356 3019 foro
372 2955 500 3037 quidem
521 2955 635 3040 dignos
652 2953 728 3042 [vix]
745 2951 903 3038 putarim.³
937 2947 1035 3036 ‘atqui
1058 2975 1121 3018 non
1145 2952 1246 3018 defuit
1268 2955 1335 3021 illis

288 3053 440 3142 patronis'
467 3059 569 3140 inquit
598 3060 730 3124 Crassus
760 3051 952 3139 ‘eloquentia
974 3077 1078 3138 neque
1101 3055 1227 3120 dicendi
1250 3059 1335 3122 ratio

288 3167 343 3225 aut
366 3162 466 3246 copia,
491 3161 547 3226 sed
570 3163 647 3226 iuris
663 3162 764 3226 civilis
785 3161 933 3226 scientia:
962 3161 1045 3242 quod
1068 3161 1147 3224 alter
1167 3160 1238 3243 plus
1257 3161 1335 3244 lege

187 3278 189 3282 ·
288 3265 412 3347 agendo
425 3266 553 3349 petebat
566 3286 661 3347 quam
674 3272 826 3346 quantum
839 3265 893 3328 lex
901 3265 938 3328 in
950 3289 993 3327 x11
1005 3264 1121 3328 tabulis
1132 3263 1334 3346 permiserat,

289 3368 371 3449 quod
384 3389 455 3433 cum
467 3370 677 3453 impetrasset,
687 3389 782 3434 causa
795 3368 935 3452 caderet,
951 3368 1031 3431 alter
1041 3368 1183 3449 iniquum
1196 3369 1336 3450 putabat
1358 3379 1397 3426 ao

287 3471 358 3554 plus
382 3491 488 3536 secum
510 3473 564 3556 agi
588 3492 685 3554 quam
706 3471 790 3553 quod
809 3477 877 3536 erat
892 3471 926 3534 in
941 3469 1074 3550 actione,
1091 3490 1195 3552 neque
1211 3470 1335 3535 intelle-

287 3575 393 3657 gebat,
414 3576 442 3640 si
462 3575 507 3639 ita
527 3583 611 3640 esset
631 3582 746 3655 actum,
770 3576 858 3639 litem
881 3572 1100 3638 adversarium
1123 3572 1334 3656 perditurum.

226 3674 260 3728 3⁷
393 3675 503 3752 Quid?
526 3679 559 3742 in
582 3678 633 3744 his
655 3679 765 3761 paucis
788 3676 901 3742 dicbus
924 3693 1030 3739 nonne
1054 3675 1147 3742 nobis
1174 3675 1208 3739 in
1235 3676 1336 3740 tribu-

220 3746 353 3843 168111111
377 3779 413 3855 Q.
431 3780 573 3864 Pompeii
596 3781 749 3864 praetoris
770 3778 884 3844 urbani
907 3775 1073 3864 familiaris
1095 3779 1195 3842 nostri
1217 3777 1335 3843 seden-
