2834 4110
169 247 171 252 ’
281 239 343 305 138
484 257 596 311 urrann
614 256 651 311 n.
688 255 897 312 ennea-es.
932 257 1113 320 saca-255.

279 431 337 496 sed
359 432 415 497 vix
443 430 589 496 convivio
618 429 799 495 liberorum.
845 429 997 494 detractis
1025 429 1123 514 igitur
1151 434 1197 493 tot
1224 427 1320 492 rebus
1406 479 1407 510 ,

280 556 321 600 ex
345 534 405 599 hoc
428 534 563 600 oratorio
586 534 654 598 loco
677 533 813 598 facetiae
836 534 977 615 reliquae
1000 539 1083 613 sunt,
1107 552 1189 614 quae
1210 530 1318 595 autin
1406 535 1407 542 ’

278 658 323 720 re,
347 643 383 702 ut
407 644 483 702 ante
506 636 611 717 divisi,
635 637 757 720 positae
787 636 936 702 videntur
966 655 1037 702 esse
1067 642 1121 700 aut
1151 635 1184 700 in
1213 634 1318 700 verbo.

279 762 355 806 nam
372 741 467 823 quod,
489 740 741 822 quibuscumque
763 740 870 805 verbis
894 739 1022 821 dixeris,
1053 739 1193 804 facetum
1214 745 1320 802 tamen
1406 727 1407 746 ³

279 850 337 925 cst,
361 865 395 909 re
419 844 614 927 continetur;
639 841 723 925 quod
745 842 875 908 mutatis
897 843 1004 908 verbis
1027 842 1126 908 salem
1146 842 1270 922 amittit,
1285 840 1356 908 inu
1406 829 1407 840 ¹

279 947 387 1012 verbis
410 946 508 1011 habet
529 947 670 1030 leporem
694 965 829 1011 omnem.
1406 975 1407 1052 p

209 1065 260 1114 coa
386 1049 547 1133 Ambigua
570 1050 698 1115 suntin
722 1049 833 1134 primis
855 1056 950 1114 acuta
971 1055 1067 1131 atque
1090 1049 1123 1114 in
1146 1050 1244 1114 verbo
1269 1067 1321 1132 po·

279 1154 350 1234 sita,
374 1173 438 1218 non
461 1154 495 1218 in
517 1173 560 1217 re.
610 1153 667 1218 sed
691 1174 755 1218 non
778 1172 875 1237 saepe
898 1174 1050 1237 magnum
1064 1152 1164 1218 risum
1179 1158 1321 1235 movent3

279 1255 383 1339 magis
405 1262 441 1320 ut
463 1256 547 1321 belle
570 1263 602 1320 et
624 1257 763 1321 litterate
786 1255 872 1320 dicta
893 1256 1080 1341 laudantur;
1107 1262 1143 1320 ut
1173 1256 1206 1320 in
1236 1256 1322 1319 illum
1406 1305 1407 1320 ,

278 1360 411 1424 Titium:
446 1360 500 1441 qui
532 1379 603 1424 cum
635 1359 774 1426 studiose
804 1360 869 1444 pila
898 1360 1022 1426 luderet
1052 1366 1084 1424 et
1112 1359 1200 1424 idem
1231 1361 1322 1443 signa
1342 1377 1376 1424 10
1406 1341 1407 1400 l

279 1483 370 1528 sacra
393 1470 490 1528 noctu
513 1463 661 1547 frangere
677 1455 842 1548 putaretur
857 1465 1076 1548 gregalesque,
1101 1485 1172 1529 cum
1192 1464 1228 1528 in
1243 1485 1323 1529 cam-

278 1587 355 1651 pum
377 1587 442 1632 non
464 1567 615 1648 venisset,
645 1569 851 1649 requirerent,
884 1568 1050 1634 excusavit
1072 1568 1181 1652 Vespa
1207 1569 1323 1634 Teren·
1406 1633 1407 1654 ,

277 1671 350 1752 tius,
382 1671 466 1754 quod
497 1690 570 1736 eum
600 1663 795 1735 ‘bracchium
825 1668 970 1755 fregissc'
1000 1671 1128 1736 diceret.
1182 1678 1217 1736 ut
1246 1670 1323 1736 illud
1406 1661 1407 1710 ἶ

277 1774 430 1856 Africani,
454 1773 538 1856 quod
562 1780 610 1838 est
630 1773 716 1858 apud
738 1774 912 1839 Lucilium:

322 1879 424 1962 quid?
447 1878 573 1961 Decius,
590 1878 747 1942 Nuculam
762 1897 805 1942 an
822 1877 982 1942 confixum
997 1878 1046 1942 vis
1062 1877 1192 1942 facere?
1208 1878 1321 1960 inquit
1345 1903 1375 1950 15
1406 1841 1407 1930 l

207 1999 259 2048 254
277 1988 312 2046 ut
345 1989 417 2047 tuus
455 1981 592 2062 amicae,
634 1981 765 2062 Crasse,
803 1980 941 2046 Granius
978 1974 1052 2046 ‘non
1091 2000 1162 2046 esse
1197 1988 1324 2046 sextan-

277 2081 337 2150 tis'.
384 2091 425 2166 et,
456 2086 484 2150 si
515 2085 675 2167 quaeritis,
706 2085 733 2149 is
764 2085 818 2166 qui
847 2086 1025 2169 appellatur
1054 2085 1149 2150 dicax
1180 2085 1242 2150 hoo
1272 2106 1324 2170 ge-

278 2209 354 2255 nere
377 2189 518 2254 maxime
549 2189 701 2273 excellet;
734 2188 790 2254 sed
821 2189 901 2254 risus
933 2196 1062 2255 movent
1091 2189 1155 2254 alia
1177 2190 1323 2254 maiores.

277 2292 465 2375 ambiguum
495 2313 553 2376 per
583 2312 618 2358 se
648 2293 753 2376 ipsum
782 2293 935 2377 probatur
964 2292 997 2357 id
1021 2293 1159 2375 quidem,
1191 2300 1227 2357 ut
1250 2300 1325 2359 ante

277 2395 355 2476 dixi,
381 2395 432 2459 vel
456 2395 612 2479 maxime;
637 2395 795 2480 ingeniosi
817 2396 902 2460 enim
925 2395 1051 2461 videtur
1079 2397 1144 2462 vim
1172 2397 1264 2462 verbi
1287 2398 1320 2461 in
1340 2421 1371 2470 20
1406 2379 1407 2456 l

188 2545 189 2548 ,
276 2497 363 2563 aliud
386 2504 483 2580 atque
505 2498 603 2562 ceteri
625 2499 786 2583 accipiant
815 2519 908 2582 posse
940 2498 1071 2584 ducere;
1103 2499 1160 2564 sed
1187 2500 1323 2565 admira-

277 2601 395 2666 tionem
419 2601 524 2685 magis
548 2621 643 2682 quam
665 2602 764 2667 risum
787 2609 903 2681 movet,
927 2602 989 2668 nisi
1013 2603 1039 2668 si
1062 2601 1190 2686 quando
1210 2604 1325 2670 incidit

277 2706 310 2770 in
333 2705 419 2770 aliud
442 2725 544 2788 genus
566 2705 698 2770 ridiculi.

205 2791 256 2916 26535
383 2808 473 2885 Quae
496 2829 616 2893 genera
638 2829 819 2893 percurram
842 2809 999 2893 equidem.
1046 2810 1103 2876 sed
1133 2811 1221 2876 scitis
1252 2833 1323 2878 esse

275 2913 477 2979 notissimum
500 2913 625 2978 1idiculi
648 2934 761 2997 genus,
786 2934 857 2984 cum
879 2913 966 2978 aliud
989 2921 1206 2999 expectamus,
1234 2917 1372 2990 aliudue
1406 2913 1407 2962 l

275 3016 398 3082 dicitur.
446 3017 498 3082 hic
530 3017 688 3100 nobismet
717 3017 795 3101 ipsis
825 3024 934 3082 noster
964 3037 1049 3082 error
1078 3018 1175 3084 risum
1203 3029 1320 3087 movet.

274 3120 387 3203 quodsi
420 3121 599 3185 admixtum
631 3127 680 3186 est
712 3121 809 3186 etiam
842 3121 1037 3205 ambiguum,
1072 3122 1108 3187 fit
1130 3123 1263 3210 salsius3
1286 3133 1322 3190 ut

274 3225 361 3310 apud
384 3226 523 3291 Novium
547 3224 765 3290 videturesse
788 3225 966 3290 misericors
989 3226 1042 3291 ille
1065 3227 1118 3308 qui
1146 3226 1323 3294 iudicatum

273 3331 347 3396 duci
384 3330 482 3413 videt,
517 3336 719 3414 percontatur
752 3330 813 3395 ita:
849 3323 971 3412 ‘quanti
1003 3330 1149 3396 addictus
1159 3327 1187 3395 ?'
1225 3325 1321 3398 ‘mille

273 3430 460 3501 nummum‘
506 3434 533 3499 si
556 3433 732 3498 addidisset
754 3433 973 3499 tantummodo
989 3427 1098 3500 ‘ducas
1113 3431 1208 3515 lieet,'
1237 3443 1321 3502 esset
1339 3461 1371 3508 30
1406 3437 1407 3484 l

273 3539 352 3604 illud
374 3559 479 3623 genus
501 3537 626 3603 ridiculi
649 3543 775 3621 praeter
798 3537 1068 3622 expectationem3
1092 3537 1148 3604 sed
1169 3538 1246 3620 quia
1267 3541 1321 3604 ad-

273 3641 354 3706 didit
385 3636 440 3706 ‘nil
461 3641 555 3723 addo,
580 3639 679 3706 ducas
702 3637 796 3722 licet,’
819 3638 927 3705 addito
950 3640 1099 3726 ambiguo
1125 3639 1246 3730 [altero]
1269 3665 1321 3728 ge-

273 3765 350 3810 nere
374 3745 499 3811 ridiculi
523 3745 592 3827 fuit,
623 3751 659 3808 ut
680 3743 758 3808 mihi
790 3744 917 3826 quidem
951 3743 1086 3826 videtur,
1118 3745 1320 3816 salsissimus.
1406 3785 1407 3790 κ

273 3847 334 3911 hoc
357 3853 423 3912 turn
450 3856 498 3904 est
522 3848 789 3928 vomerissnnum,
806 3868 877 3912 curn
894 3847 927 3911 in
943 3848 1149 3916 altercatione
1165 3850 1322 3938 adripitur
