2866 4110
369 185 480 238 urana
498 186 520 239 1.
557 185 728 244 exer-5.
766 191 910 252 sue-19.
1135 173 1156 236 5

207 358 281 426 Sed
312 359 396 423 enim
423 361 525 425 maius
552 367 600 426 est
626 360 686 426 hoc
710 362 860 444 quiddam
888 383 984 446 quam
1010 363 1156 430 homines

101 464 281 548 opinantur
312 469 344 527 et
373 463 515 546 pluribus
546 485 587 530 ex
613 465 734 532 artibus
765 467 941 550 studiisque
969 466 1173 532 conlectum.'

101 567 180 650 quid
206 567 299 632 enim
324 565 394 647 quis
415 566 502 630 aliud
524 568 558 631 in
581 569 721 633 maxima
737 569 927 636 discentium
943 569 1155 652 multitudine,
1176 585 1193 638 5

103 691 233 736 summa
258 670 482 754 magistrorum
506 671 606 755 copia,
623 673 905 755 praestantissimis
928 673 1090 739 hominum
1113 675 1157 739 in·

71 776 221 859 ageniis,
247 773 377 838 infinita
403 793 567 840 causarum
590 774 756 858 varietate,
780 777 986 862 amplissimis
1014 778 1159 860 eloquen-

103 880 169 944 tiae
192 877 370 964 propositis
392 879 540 962 praemiis
563 898 634 944 esse
658 897 773 944 causae
796 887 886 965 putet
908 882 971 948 nisi
992 881 1040 946 rei
1063 902 1159 964 quan·

104 982 179 1048 dam
212 980 437 1047 incredibilem
466 981 719 1066 magnitudinem
749 1005 788 1050 ac
818 985 1064 1052 difficultatem?
1110 997 1158 1054 est
1179 1005 1210 1053 ιτ

105 1089 192 1152 enim
209 1093 244 1151 et
261 1085 397 1162 scientia
412 1085 711 1170 comprehendenda
731 1108 836 1153 rerum
856 1090 1072 1173 plurimamm,
1090 1092 1158 1158 sine

105 1210 174 1272 qua·
193 1190 369 1254 verborum
396 1189 575 1254 volubilitas
601 1190 708 1256 inanis
733 1199 830 1274 atque
852 1193 1022 1258 inridenda
1044 1202 1103 1274 est,
1127 1203 1159 1261 et

59 1296 177 1378 reipsa
200 1291 307 1359 oratio
331 1292 556 1358 conformanda
582 1313 647 1358 non
670 1294 771 1360 solum
794 1297 957 1378 electione,
982 1295 1038 1362 sed
1062 1299 1158 1364 etiam

107 1396 350 1463 construetione
370 1397 546 1478 verborum,
563 1403 595 1461 et
617 1416 728 1464 omnes
750 1401 927 1466 animorum
951 1407 1054 1466 motus
1079 1422 1157 1484 quos

107 1500 275 1566 hominum
297 1499 407 1582 generi
422 1519 526 1564 rerum
542 1505 655 1565 natura
670 1502 778 1568 tribuit
792 1504 918 1588 penitus
933 1505 1155 1588 pernoscendi,

109 1604 192 1687 quod
221 1603 330 1668 omnis
357 1603 405 1668 vis
431 1602 574 1685 ratioque
601 1602 729 1670 dicendi
756 1607 788 1670 in
816 1627 923 1672 eorum
947 1606 1000 1690 qui
1023 1608 1157 1674 audiunt

109 1708 274 1772 mentibus
297 1713 353 1770 aut
379 1706 529 1771 sedandis
558 1713 614 1771 aut
644 1709 824 1776 excitandis
854 1709 1072 1794 expromenda
1099 1719 1154 1777 est.

62 1827 91 1874 15
109 1811 244 1877 accedat
269 1808 381 1874 eodem
404 1817 527 1894 oportet
550 1811 639 1895 lepos
663 1813 793 1894 quidam
815 1813 1013 1894 facetiaeque
1036 1819 1067 1878 et
1091 1835 1157 1879 eru·

110 1915 188 1980 ditio
205 1915 309 1980 libero
326 1911 423 1997 digna
442 1913 649 1996 celeritasque
672 1922 706 1980 et
726 1915 867 1980 brevitas
890 1920 921 1979 et
943 1914 1157 1998 respondendi
1184 1931 1187 1936 ·

110 2025 142 2083 et
157 2015 343 2082 lacessendi
360 2017 466 2082 subtili
482 2023 651 2084 venustate
667 2024 763 2102 atque
783 2017 962 2082 urbanitate
979 2017 1155 2084 coniuncta.

110 2120 254 2186 tenenda
277 2126 442 2204 praeterea
465 2128 513 2186 est
540 2121 643 2187 omnis
672 2120 846 2203 antiquitas
877 2122 1156 2206 exemplorumque
1176 2143 1208 2192 18

111 2225 170 2305 vis,
195 2243 302 2306 neque
326 2223 430 2306 legum
453 2243 491 2288 ac
514 2224 590 2289 iuris
610 2225 712 2292 civilis
733 2225 867 2290 scientia
881 2225 1082 2308 neglegenda
1099 2233 1155 2292 est.

63 2345 95 2392 ao
112 2350 187 2393 nam
212 2326 290 2410 quid
314 2346 373 2410 ego
395 2327 436 2392 de
458 2327 582 2393 actione
605 2327 676 2413 ipsa
693 2331 789 2414 plura
811 2327 940 2412 dicam?
964 2349 1046 2412 quae
1068 2337 1155 2395 motu

113 2431 264 2515 corporis,
288 2450 370 2512 quae
400 2437 502 2515 gestu,
527 2451 608 2513 quae
638 2433 735 2514 voltu,
759 2452 841 2513 quae
864 2433 951 2498 vocis
982 2432 1155 2498 conforma-

112 2537 199 2601 tione
218 2554 258 2598 ac
276 2534 429 2599 varietate
452 2534 646 2600 moderanda
669 2543 733 2619 est;
758 2529 845 2617 quae
863 2536 929 2601 sola
951 2556 1007 2621 per
1029 2557 1064 2601 se
1086 2538 1156 2622 ipsa

113 2645 235 2720 quanta
258 2638 308 2719 sit,
332 2636 518 2703 histrionum
549 2639 628 2704 levis
651 2659 702 2704 ars
730 2645 761 2702 et
788 2659 904 2704 scaena
934 2639 1091 2724 declarat';
1123 2641 1156 2705 in

113 2762 176 2824 qua
201 2761 273 2806 cum
297 2761 406 2806 omnes
433 2742 466 2805 in
494 2741 557 2806 oris
584 2747 615 2805 et
638 2743 725 2806 vocis
753 2748 785 2806 et
811 2748 914 2807 motus
941 2742 1156 2808 moderatione

63 2864 94 2911 aa
113 2846 288 2924 elaborent,
313 2845 381 2926 quis
404 2845 528 2927 ignorat
552 2865 646 2926 quam
668 2845 763 2929 pauci
787 2846 850 2910 sint
876 2846 1055 2928 fuerintque
1079 2867 1157 2928 quos

112 2950 220 3013 animo
243 2967 346 3030 aequo
369 2956 512 3033 spectare
530 2949 718 3033 possimus?
742 2948 818 3032 quid
834 2949 938 3015 dicam
954 2949 994 3014 de
1009 2949 1156 3016 thesauro

113 3074 219 3118 rerum
243 3053 392 3137 omnium,
420 3053 597 3117 memoria?
629 3073 710 3135 quae
733 3053 795 3118 nisi
818 3061 923 3119 custos
946 3054 1084 3119 inventis
1108 3075 1156 3119 co·
1217 3083 1220 3090 Δ

112 3156 287 3240 gitatisque
309 3157 404 3220 rebus
427 3164 458 3222 et
474 3158 580 3221 verbis
595 3156 793 3238 adhibeatur,
809 3157 1023 3241 intellegimus
1033 3159 1155 3240 omnia,

113 3261 212 3324 etiam
229 3258 256 3324 si
272 3260 524 3342 praeclarissima
543 3260 660 3325 fuerint
682 3260 716 3325 in
738 3267 870 3342 oratore,
887 3261 1034 3345 peritura.
1060 3281 1154 3343 quam
1176 3281 1207 3329 19

9 3369 10 3378 ’
66 3381 95 3430 3ο
113 3364 154 3428 ob
187 3381 255 3427 rem
285 3362 390 3429 mirari
405 3363 603 3429 desinamus
633 3384 714 3446 quae
746 3384 841 3429 causa
871 3365 911 3429 sit
942 3365 1155 3446 eloquentium

112 3466 295 3551 paucitatis
315 3487 386 3532 cum
409 3489 451 3533 ex
472 3469 513 3533 iis
535 3470 629 3534 rebus
651 3468 808 3534 universis
828 3468 1008 3550 eloquentia
1024 3473 1155 3547 constet,

112 3570 232 3654 quibus
260 3570 293 3634 in
320 3571 453 3654 singulis
481 3573 643 3638 elaborare
669 3592 877 3655 permagnum
905 3577 962 3650 cst,
986 3568 1156 3634 hortemur-

112 3693 177 3756 que
201 3673 306 3756 potius
327 3675 443 3740 liberos
463 3681 587 3740 nostros
603 3681 786 3755 ceterosque
802 3693 932 3755 quorum
947 3671 1047 3752 gloria
1064 3672 1156 3734 uobis

112 3787 143 3842 et
169 3774 315 3859 'dignitas
345 3798 418 3842 cara
446 3784 503 3858 est,
527 3783 561 3841 ut
591 3777 697 3842 animo
727 3775 773 3839 rei
800 3770 1050 3854 magnitudinem
1074 3789 1155 3833 com·

620 4041 631 4054 .
685 4019 698 4050 Ι
