2866 4110
327 196 446 250 urana
464 197 485 251 1.
522 197 604 252 ose.
619 201 729 254 18-19.
765 204 780 262 s
798 203 908 256 er-sr.
1093 184 1133 248 21

81 371 111 433 in
140 370 352 455 disputando
385 409 425 417 -
457 371 514 436 sed
543 391 614 436 eum
645 371 785 436 maxime
814 379 922 438 tamen
952 371 1012 437 hoc
1042 372 1136 456 signi-

81 472 205 555 ficabat,
239 495 302 540 eos
336 474 392 556 qui
421 473 562 540 rhetores
592 475 830 540 nominarentur
861 484 892 540 et
922 476 977 559 qui
1006 474 1134 540 dicendi

80 585 254 662 praecepta
270 575 442 642 traderent
457 577 536 642 nihil
550 579 646 663 plane
666 585 783 660 tenere,
800 599 903 662 neque
919 598 1013 663 posse
1030 599 1134 660 quem-

81 700 173 759 quam
204 680 404 746 facultatem
434 681 567 764 adsequi
596 681 734 763 dicendi,
765 683 826 747 nisi
854 682 908 764 qui
935 680 1132 766 philosopho·

51 796 64 845 5
81 803 146 846 rum
162 783 307 848 inventa
323 782 497 850 didicisset.
521 783 728 868 disputabant
743 791 852 850 contra
867 784 975 851 diserti
991 784 1134 850 homines

81 886 305 952 Athenienses
335 894 367 951 et
394 887 427 951 in
454 889 642 973 republica
670 889 836 971 causisque
858 890 985 970 versati,
1008 889 1041 954 in
1064 889 1134 971 quis

1153 765 1187 817 19

1153 838 1186 886 85

83 997 146 1054 crat
169 992 276 1056 etiam
300 991 330 1056 is
355 991 408 1072 qui
431 1011 531 1075 nuper
552 993 673 1057 Romae
696 992 765 1072 fuit,
789 992 994 1058 Menedemus
1017 993 1132 1078 hospes

84 1113 179 1160 meus.
233 1095 291 1176 qui
315 1113 388 1159 cum
411 1092 529 1159 diceret
552 1115 623 1160 esse
646 1096 806 1176 quandam
829 1095 1028 1181 prudentiam
1052 1118 1133 1180 quae

84 1205 271 1263 versaretur
287 1198 322 1261 in
342 1197 569 1282 perspiciendis
590 1199 766 1266 rationibus
791 1199 1080 1266 constituendarum
1104 1209 1136 1267 et

39 1313 70 1358 ro
86 1300 308 1384 regendarum
336 1320 440 1365 rerum
467 1301 673 1385 publicarum,
698 1303 897 1369 excitabatur
920 1303 1013 1368 homo
1035 1325 1135 1388 prom·

84 1409 156 1486 ptus
179 1413 283 1487 atque
308 1403 396 1467 omni
417 1404 585 1470 abundans
608 1404 751 1471 doctrina
778 1413 810 1470 et
838 1407 976 1489 quadam
1003 1407 1134 1472 incredi-

85 1508 139 1571 bili
154 1509 319 1574 varietate
335 1527 438 1572 rerum
454 1515 549 1592 atquc
565 1509 664 1593 eopia.
696 1510 799 1575 omnis
822 1511 907 1576 enim
929 1511 1028 1594 partis
1051 1510 1134 1577 illius

86 1610 187 1693 ipsius
219 1610 411 1695 prudentiae
440 1611 596 1695 petendas
626 1632 695 1678 esse
722 1634 743 1678 a
765 1613 965 1698 philosophia
986 1614 1131 1697 docebat,

87 1733 193 1796 neque
217 1735 258 1780 ea
282 1733 365 1796 quae
387 1720 599 1780 statuerentur
621 1715 654 1780 in
677 1737 711 1781 re
734 1718 862 1801 publica
884 1717 925 1782 de
945 1715 995 1782 dis
1010 1718 1132 1782 immor-

45 1830 72 1877 15
89 1817 218 1897 talibus,
237 1816 280 1882 de
305 1815 473 1900 disciplina
494 1818 675 1900 iuventutis,
696 1820 737 1885 de
760 1820 888 1900 iustitia,
906 1818 945 1881 de
968 1820 1131 1900 patientia,

90 1918 130 1983 de
158 1920 384 2004 temperantia,
408 1920 448 1985 de
468 1920 562 1986 modo
584 1941 688 1987 rerum
710 1923 851 1988 omnium
874 1926 1041 2001 ceteraque
1065 1921 1133 1986 sine

91 2024 206 2103 quibus
241 2024 388 2089 civitates
418 2031 472 2089 aut
502 2045 572 2090 esse
602 2033 657 2090 aut
686 2027 769 2091 bene
799 2031 939 2089 moratae
969 2043 1039 2090 esse
1069 2045 1133 2089 non

92 2134 221 2208 possent
248 2147 384 2208 usquam
411 2129 444 2191 in
473 2147 579 2192 eorum
605 2127 743 2195 inveniri
765 2127 888 2193 libellis.
935 2127 1047 2209 quodsi
1069 2135 1134 2194 tan·
1153 2147 1187 2195 86

91 2235 155 2293 tam
183 2231 250 2295 vim
277 2250 383 2295 rerum
410 2231 621 2295 maximarum
648 2240 716 2297 arte
743 2251 800 2297 sua
822 2231 971 2298 rhetorici
993 2232 1040 2297 illi
1062 2231 1132 2298 doe-

45 2337 174 2398 totores
197 2334 491 2417 complecterentur,
512 2336 685 2416 quaerebat
708 2355 763 2400 cur
786 2334 825 2400 de
848 2337 1016 2422 prooemiis
1039 2337 1133 2403 etde
1160 2345 1166 2356 '

94 2436 225 2520 epilogis
250 2443 282 2500 et
304 2435 345 2500 de
367 2435 460 2501 huius
482 2437 569 2501 modi
591 2440 685 2523 nugis
707 2477 750 2486 -
774 2439 820 2503 sic
843 2441 928 2505 enim
950 2441 1133 2525 appellabat

95 2539 262 2604 —referti
285 2546 392 2603 essent
415 2559 521 2604 eorum
544 2540 626 2621 libri,
649 2541 691 2606 de
713 2541 895 2608 civitatibus
917 2542 1131 2623 instituendis,

94 2640 133 2706 de
160 2641 337 2707 scribendis
363 2643 496 2727 legibus,
520 2643 560 2707 de
583 2645 752 2727 aequitate,
777 2643 817 2710 de
839 2646 970 2728 iustitia,
994 2647 1034 2711 de
1055 2645 1128 2726 fide,

94 2743 132 2809 de
158 2744 346 2829 frangendis
368 2745 610 2830 cupiditatibus,
634 2748 673 2811 de
704 2746 939 2814 conformandis
968 2749 1130 2816 hominum

48 2861 78 2909 aa
95 2848 234 2913 moribus
263 2849 369 2912 littera
396 2851 483 2914 nulla
512 2850 546 2915 in
573 2870 680 2916 eorum
702 2851 790 2916 libris
813 2853 1017 2918 inveniretur.
1063 2852 1133 2936 ipsa
1152 2869 1185 2918 eu

96 2970 169 3015 vero
200 2959 371 3036 praecepta
400 2953 445 3017 sic
471 2952 615 3018 inludere
642 2954 773 3036 solebat,
800 2962 835 3019 ut
862 2955 1044 3020 ostenderet
1069 2975 1132 3020 non

95 3053 187 3118 modo
225 3074 279 3120 eos
314 3063 461 3138 expertes
495 3076 565 3122 esse
595 3057 678 3122 illius
708 3056 895 3140 prudentiae
934 3077 1028 3139 quam
1066 3058 1125 3123 sibi

95 3157 294 3240 asciscerent,
311 3157 367 3224 sed
390 3179 431 3223 ne
450 3158 533 3224 hane
552 3159 679 3241 quidem
702 3161 804 3243 ipsam
828 3159 955 3226 dicendi
977 3149 1131 3225 rationem
1252 3154 1255 3160 ’

96 3277 132 3322 ao
154 3260 239 3324 viam
262 3281 365 3326 nosse.
390 3269 485 3346 caput
507 3263 592 3327 enim
614 3263 826 3328 arbitrabatur
849 3283 919 3329 esse
941 3263 1081 3342 oratoris,
1097 3269 1132 3327 ut

52 3377 83 3426 so
100 3368 131 3425 et
151 3363 220 3447 ipse
243 3364 282 3429 iis
304 3364 388 3448 apud
413 3384 491 3447 quos
513 3373 623 3450 ageret
645 3366 727 3447 talis,
744 3365 869 3448 qualem
893 3387 927 3432 se
952 3364 1040 3452 [ipse]
1064 3383 1133 3429 esse

99 3473 228 3550 optaret,
252 3466 428 3532 videretur:
460 3467 493 3531 id
515 3469 583 3533 fieri
606 3469 692 3534 vitae
720 3468 884 3552 dignitate,
908 3468 948 3532 de
971 3487 1033 3549 qua
1055 3465 1133 3530 nihil

98 3566 242 3634 rhetorici
265 3570 318 3636 isti
340 3569 484 3636 doctores
506 3572 540 3636 in
563 3573 741 3656 praeceptis
764 3572 830 3638 suis
851 3570 1067 3653 reliquissent3
1098 3575 1130 3634 et

98 3673 139 3736 oti
162 3673 192 3737 ei
215 3673 269 3755 qui
291 3673 439 3738 audirent
455 3675 500 3738 sie
522 3673 733 3738 adficerentur
754 3675 878 3750 animis,
903 3677 936 3736 ut
959 3689 1012 3732 eos
1034 3668 1129 3736 adfici

99 3775 190 3840 vellet
220 3783 343 3841 orator:
375 3775 459 3858 quod
488 3777 565 3841 item
594 3775 662 3840 fieri
691 3774 776 3838 nullo
806 3771 899 3835 modo
928 3787 1036 3852 posse,
1067 3771 1129 3836 nisi
