2836 4114
316 227 708 298 nmnnrnonest-ss.
734 233 907 295 §sac-scs.
1070 216 1131 279 165

74 403 110 465 in
136 400 284 484 ingeniis
308 402 422 468 nostris
445 423 521 486 pars
544 405 631 468 nulla
654 405 694 470 sit
717 405 821 489 pariat
844 411 875 469 ct
903 410 1056 488 procreet,
1079 424 1130 468 ve·
1182 472 1187 482 ,

73 525 153 569 rum
178 511 215 569 ut
239 524 278 569 ea
310 523 390 586 quae
422 513 495 571 sunt
526 513 595 572 orta
624 508 688 572 iam
719 509 751 571 in
783 508 875 573 nobis
906 516 938 573 et
966 513 1131 592 procreata

74 609 200 673 educet
234 615 331 690 atque
366 610 529 674 confirmet
563 649 605 658 —
639 631 749 676 verum
783 619 890 677 tamen
924 631 1028 693 neque
1065 619 1130 674 tam
1150 622 1200 672 act

73 713 149 776 acri
175 713 329 777 memoria
350 713 417 779 fere
440 713 609 796 quisquam
632 722 689 795 est,
718 720 763 797 ut,
793 736 857 780 non
888 715 1050 798 dispositis
1079 735 1131 778 no-

40 817 224 898 otatisque
247 817 352 897 rebus,
375 815 519 882 ordinem
549 818 717 882 verborum
748 819 889 883 omnium
919 824 974 882 ant
1008 825 1132 884 senten-

73 920 201 984 tiarum
233 921 467 1004 complectatur,
502 940 606 1003 neque
637 941 712 986 vero
743 927 809 986 tam
838 922 956 1002 hebeti,
987 928 1021 986 ut
1052 921 1131 986 nihil

74 1023 144 1088 hac
191 1023 419 1088 consuetudine
462 1029 493 1088 et
534 1024 762 1090 exercitatione
814 1024 990 1091 adiuvetur.
1051 1025 1132 1090 vidit

77 1127 173 1191 enim
196 1125 259 1191 hoc
282 1126 453 1210 prudenter
475 1128 543 1192 sive
566 1127 745 1194 Simonides
773 1129 842 1193 sive
871 1129 952 1194 alius
980 1130 1051 1211 quis
1086 1129 1131 1192 in·

78 1231 186 1310 venit,
212 1249 252 1294 ea
276 1231 414 1295 maxime
447 1231 563 1296 animis
593 1230 692 1315 adfigi
721 1231 848 1313 nostris,
876 1253 958 1315 quae
982 1240 1090 1299 essent
1111 1253 1131 1297 a

30 1341 60 1389 ¹0
80 1351 185 1398 sensu
208 1329 327 1397 tradita
349 1340 445 1415 atque
468 1333 639 1418 impressa5
664 1334 852 1400 acerrimum
875 1343 982 1402 antem
1006 1357 1047 1401 ex
1070 1358 1132 1402 om-

80 1437 183 1501 nibus
205 1436 323 1501 nostris
346 1436 493 1502 sensibus
517 1457 586 1502 esse
610 1458 739 1502 sensum
763 1438 904 1503 videndi.
950 1460 1012 1522 qua
1032 1460 1065 1504 re
1088 1440 1132 1504 fa-

82 1539 204 1605 cillime
228 1540 335 1605 animo
357 1541 459 1606 teneri
481 1561 575 1625 posse
599 1561 638 1605 ea
653 1561 736 1623 qnae
752 1543 988 1627 perciperentur
1003 1544 1132 1609 auribus

82 1651 142 1708 aut
167 1642 370 1726 cogitatione,
398 1644 425 1709 si
457 1644 552 1709 etiam
576 1643 852 1711 commendatione
879 1646 1040 1710 oculorum
1067 1647 1132 1710 ani-

83 1747 149 1811 mis
172 1744 388 1831 traderentur3
420 1753 455 1811 nt
486 1767 537 1812 res
567 1767 680 1812 caecas
713 1755 744 1812 et
774 1747 816 1812 ab
839 1753 987 1832 aspectus
1015 1746 1132 1814 iudicio

38 1859 66 1905 15
85 1856 229 1915 remotas
253 1849 460 1916 conformatio
483 1849 641 1933 quaedam
666 1859 696 1915 et
719 1853 825 1936 imago
849 1858 880 1916 et
902 1851 1004 1935 ligura
1019 1851 1065 1915 ita
1080 1873 1132 1916 no·

85 1960 181 2033 taret,
205 1960 241 2017 ut
264 1972 406 2036 eaquae
430 1954 599 2038 cogitando
623 1955 788 2038 complecti
812 1956 868 2020 vix
896 1973 1061 2038 possemus
1088 1955 1132 2018 in·

84 2055 208 2121 tuendo
232 2057 324 2139 quasi
353 2063 542 2123 teneremus.
589 2058 639 2123 his
669 2066 777 2124 autem
808 2058 918 2124 formis
945 2064 1040 2139 atque
1068 2078 1132 2123 cor·
1151 2070 1201 2119 ass

85 2160 229 2244 poribus,
254 2160 334 2224 sicut
357 2162 504 2226 omnibus
527 2182 610 2245 qnae
634 2164 692 2227 sub
709 2168 873 2246 aspectum
888 2161 1031 2244 veniunt,
1056 2160 1132 2227 sede

85 2283 168 2348 cpus
192 2270 256 2345 cst;
282 2265 398 2329 etenim
421 2285 534 2350 corpus
557 2265 700 2350 intellegi
728 2265 796 2330 sine
823 2265 892 2328 loco
922 2283 987 2328 non
1016 2271 1130 2348 potest.

39 2375 69 2424 20
87 2388 154 2450 qua
176 2387 211 2433 re
234 2388 275 2432 ne
298 2367 331 2431 in
354 2387 388 2432 re
411 2374 486 2433 nota
510 2377 542 2435 et
568 2369 755 2453 pervolgata
784 2367 901 2432 multus
933 2374 964 2432 et
993 2367 1133 2434 insoleus

86 2473 159 2552 sim,
183 2471 261 2535 locis
283 2478 332 2536 est
354 2469 507 2536 utendum
530 2471 638 2537 multis
660 2472 845 2537 inlustribus
868 2471 1047 2556 explicatis,
1071 2493 1133 2538 mo-

86 2575 169 2639 dieis
199 2574 392 2659 intervallis,
430 2574 624 2659 imaginibus
662 2582 769 2640 autem
803 2575 974 2658 agentibus
1008 2576 1133 2641 acribus

84 2678 260 2762 insignitis,
284 2696 366 2759 quae
390 2698 553 2744 occurrere
577 2677 784 2760 celeriterque
805 2687 969 2762 percutere
992 2680 1133 2744 animum

86 2782 221 2866 possint.
269 2801 365 2863 quam
386 2780 571 2846 facultatem
602 2787 634 2845 et
656 2782 842 2848 exercitatio
874 2781 972 2863 dabit,
1001 2803 1042 2848 ex
1071 2803 1134 2864 qua

42 2892 72 2940 25
92 2882 289 2950 consuetudo
312 2885 462 2972 gignitur,
487 2891 518 2950 et
541 2885 690 2950 similium
717 2887 887 2951 verborum
918 2907 1072 2952 conversa
1102 2894 1134 2950 et

89 2989 258 3052 immutata
281 2988 407 3053 casibus
429 2994 485 3052 aut
507 2987 653 3053 traducta
675 3009 717 3054 ex
739 2995 829 3072 parte
853 2989 895 3052 ad
918 3009 1020 3072 genus
1047 2997 1133 3054 nota·

89 3091 135 3156 tio
158 3097 191 3156 et
213 3091 307 3156 unius
329 3092 419 3157 verbi
442 3091 583 3175 imagine
613 3092 709 3157 totius
739 3093 917 3158 sententiae
940 3093 1132 3173 informatio,

89 3195 219 3278 pictoris
243 3194 406 3260 cuiusdam
429 3195 543 3260 summi
566 3196 688 3260 ratione
712 3202 743 3260 et
766 3195 859 3261 modo
886 3196 1057 3260 formarum
1081 3215 1132 3258 va·

89 3299 202 3364 notate
221 3299 311 3379 ⁴locos
333 3297 567 3384 distinguentis.
591 3335 593 3340 ·
614 3297 670 3364 sed
687 3299 855 3364 verborum
869 3299 1031 3378 memoria,
1049 3317 1131 3379 quae
1151 3272 1202 3393 {35⁸9

43 3409 72 3459 to
89 3402 194 3467 minus
218 3408 267 3466 est
289 3402 381 3467 nobis
403 3403 594 3483 necessaria,
624 3402 743 3467 maiore
773 3403 948 3484 imaginum
978 3401 1132 3464 varietate

91 3503 301 3590 distinguitur.
349 3506 448 3570 multa
470 3506 555 3571 enim
579 3513 652 3571 sunt
674 3506 772 3571 verba
795 3525 877 3587 quae
901 3504 992 3585 quasi
1008 3504 1132 3568 articuli

92 3615 259 3674 conectunt
285 3609 428 3674 membra
459 3608 620 3690 orationis,
652 3627 734 3692 quae
764 3607 893 3673 formari
923 3605 1131 3671 similitudine

93 3711 176 3776 nulla
209 3718 359 3796 possunt;
395 3731 503 3776 eornm
535 3711 707 3796 fingendae
738 3717 810 3776 sunt
841 3710 932 3775 nobis
964 3710 1132 3794 imagines,

95 3814 206 3894 quibus
229 3833 355 3898 semper
376 3820 511 3878 utamur.
557 3833 661 3878 rerum
684 3814 836 3878 memoria
859 3810 1051 3899 prop1·ia2est
1067 3832 1132 3877 ora-
