2866 4110
279 165 320 229 48
411 252 415 258 .
498 183 611 236 11111
631 183 652 235 1.
683 183 767 236 111.
780 185 892 238 43-45.
923 185 1103 245 §rol-ros.

280 355 555 438 disputationibus,
586 354 643 420 sed
671 355 858 420 auctoritate
888 361 1030 436 nutuque
1055 356 1162 438 legum
1186 354 1326 420 domitas

279 460 398 524 habere
436 459 601 539 libidines7
636 466 780 523 coercere
817 479 927 524 omnes
966 457 1172 543 cupiditates,
1214 466 1327 524 nostra

213 542 261 664 14945
280 565 371 644 tueri,
394 565 435 628 ab
464 563 577 628 alienis
607 570 730 627 mentes
762 564 868 628 oculos
898 583 1011 627 manus
1037 563 1209 629 abstinere.
1264 561 1325 628 fre-

280 674 369 732 mant
391 687 502 732 omnes
525 666 609 746 lieet,
634 666 738 730 dicam
761 667 846 748 quod
869 668 986 733 sentio:
1017 667 1230 733 bibliothecas
1259 688 1325 732 me·
1424 723 1425 744 ,

280 771 407 835 hercule
435 770 575 835 omnium
606 770 863 854 philosophorum
897 790 979 836 unus
1012 770 1089 834 mihi
1119 769 1247 835 videtur
1276 789 1361 834 xna

280 874 457 938 tabularum
480 873 614 953 libellus,
632 873 658 938 si
679 873 750 954 quis
773 873 878 957 legum
901 872 1005 939 fontes
1021 880 1052 938 11
1068 874 1173 957 capita
1192 873 1322 957 viderit,

281 982 313 1040 et
341 977 537 1041 auctoritatis
567 975 707 1060 pondere
741 982 773 1041 et
805 976 948 1041 utilitatis
981 978 1125 1041 ubertate
1160 995 1321 1060 superare.
1425 1025 1426 1104 p

213 1101 262 1150 ree
280 1100 319 1144 ac
342 1080 458 1160 sinos,
482 1078 515 1143 id
538 1079 623 1160 quod
645 1079 785 1144 maxime
801 1079 905 1160 debet,
930 1086 1037 1144 nostra
1052 1080 1156 1163 patria
1171 1078 1322 1160 delectat,
1425 1133 1426 1136 1

282 1183 369 1248 11111
392 1183 438 1247 111
460 1190 549 1247 tanta
572 1190 620 1248 est
641 1183 691 1248 vis
713 1203 752 1247 ae
774 1189 864 1247 tanta
884 1189 1007 1263 natura,
1025 1189 1058 1247 ut
1073 1181 1218 1246 Ithacam
1234 1183 1323 1246 illam

201 1354 203 1357 ,
282 1288 314 1350 11
337 1287 520 1370 asperrimis
543 1288 664 1352 saxulis
685 1295 848 1369 tamquam
871 1285 1014 1350 nidulum
1040 1286 1182 1350 adfixam
1199 1287 1324 1370 sapien·
1347 1305 1380 1350 ro

282 1391 420 1456 tissimus
443 1390 492 1454 vir
514 1390 742 1454 immortalitati
756 1396 974 1474 anteponeret,
991 1410 1052 1471 quo
1068 1410 1174 1454 amore
1190 1389 1324 1454 tandem

282 1493 469 1558 inflammati
504 1513 573 1557 esse
607 1492 759 1558 debemus
793 1494 827 1557 in
861 1493 929 1558 eius
959 1493 1045 1558 modi
1067 1493 1214 1576 patriam,
1239 1513 1325 1575 quae

282 1619 346 1663 una
367 1599 401 1662 in
424 1599 570 1662 omnibus
593 1599 684 1663 terris
707 1597 819 1663 domus
843 1605 890 1663 est
913 1597 1038 1662 virtutis
1068 1597 1192 1681 imperii
1220 1596 1325 1681 digni-

283 1702 378 1768 tatis?
425 1702 512 1767 cuius
542 1702 679 1786 primum
709 1701 802 1766 nobis
832 1721 923 1766 mens
954 1721 1023 1767 mos
1053 1700 1224 1784 disciplina
1245 1707 1326 1765 nota

283 1826 353 1871 esse
376 1805 482 1886 debet,
506 1806 557 1871 vel
580 1807 654 1887 quia
677 1812 726 1870 est
747 1807 850 1888 patria
872 1825 988 1888 parens
1011 1805 1150 1869 omnium
1180 1812 1382 1868 1111111111

283 1911 333 1974 vel
357 1910 432 1992 quia
454 1917 544 1974 tanta
573 1909 729 1993 sapientia
751 1909 850 1974 fuisse
872 1909 906 1973 in
935 1909 1003 1972 iure
1026 1906 1246 1974 constituendo
1270 1927 1327 1992 pu-

283 2013 381 2078 tanda
404 2020 462 2094 est,
485 2019 604 2095 quanta
625 2012 686 2077 1111
708 2012 741 2076 11
764 2012 814 2077 his
837 2012 935 2076 tantis
959 2012 1071 2095 opibus
1092 2011 1217 2095 imperii
1241 2031 1326 2075 eom-

215 2136 263 2182 111
284 2116 444 2200 parandis.
490 2116 674 2200 percipietis
704 2116 798 2180 etiam
834 2115 920 2179 illam
956 2135 997 2178 ex
1032 2114 1212 2198 cognitione
1245 2115 1326 2178 iuris

283 2220 437 2284 laetitiam
471 2225 502 2282 11
536 2220 740 2301 voluptatem,
780 2218 878 2299 quod,
917 2225 1069 2300 quantum
1106 2218 1326 2301 praestiterint

285 2323 383 2386 nostri
406 2322 542 2387 maiores
565 2321 734 2405 prudentia
757 2322 869 2386 ceteris
891 2323 1050 2405 gentibus,
1078 2328 1145 2386 tum
1172 2320 1326 2386 facillime
1347 2338 1383 2384 20

285 2425 486 2507 intellegetis,
519 2425 640 2488 sicum
667 2423 789 2488 illorum
811 2425 960 2509 Lycurgo
985 2433 1020 2514 et
1041 2425 1187 2490 Dracone
1215 2426 1327 2490 1181-

285 2530 356 2592 lone
386 2534 510 2592 nostras
540 2528 628 2611 leges
659 2525 801 2592 conferre
836 2529 1005 2595 volueritis.
1056 2527 1241 2593 incredibile
1277 2536 1328 2594 est

286 2631 371 2695 enim
394 2650 489 2712 quam
512 2631 741 2696 1111111111
764 2631 855 2695 civile
878 2640 1003 2715 praeter
1025 2632 1084 2698 hoc
1111 2639 1253 2697 nostrum
1280 2632 1327 2696 in-

287 2734 449 2799 conditum
478 2755 517 2798 ao
548 2754 651 2817 paene
678 2732 858 2815 ridiculum3
894 2734 935 2799 de
965 2755 1027 2816 quo
1057 2736 1155 2799 multa
1181 2734 1268 2800 soleo
1291 2736 1327 2800 in

286 2839 482 2903 sermonibus
509 2837 678 2902 cotidianis
705 2836 820 2918 dicere,
855 2856 925 2902 cum
953 2837 1116 2903 hominum
1146 2845 1327 2903 nostrorum
1349 2855 1384 2902 25

286 2941 487 3026 prudentiam
519 2942 631 3006 ceteris
661 2942 808 3006 omnibus
838 2947 870 3006 et
903 2943 1044 3006 maxime
1075 2941 1205 3008 Graecis
1238 2950 1328 3007 aute-

286 3067 378 3129 pono.
424 3045 474 3109 his
498 3065 556 3128 ego
581 3044 621 3109 de
644 3045 747 3109 causis
770 3043 924 3124 dixeram,
941 3046 1104 3126 Scaevola,
1128 3045 1167 3109 iis
1183 3045 1238 3126 qui
1258 3066 1328 3128 per-

286 3149 361 3214 fecti
385 3155 524 3213 oratores
547 3168 617 3213 esse
639 3149 758 3213 vellent
780 3149 857 3213 iuris
888 3148 990 3211 civilis
1019 3168 1089 3214 esse
1111 3147 1329 3230 cognitionem

286 3253 509 3318 necessariam.

390 3357 458 3421 lam
474 3376 549 3420 vero
564 3356 635 3439 ipsa
656 3375 713 3438 per
736 3375 805 3420 sese
829 3361 984 3436 quantum
1006 3353 1131 3419 adserat
1153 3353 1193 3418 iis
1217 3355 1272 3436 qui
1297 3356 1330 3419 11
1350 3369 1385 3416 eo

287 3466 440 3543 praesunt
462 3458 592 3524 honoris
619 3459 742 3542 gratiae
772 3456 948 3542 dignitatis,
977 3455 1048 3536 quis
1075 3458 1225 3542 ignorat?
1270 3458 1330 3523 ita-

288 3582 358 3644 que,
383 3569 417 3626 ut
439 3560 525 3646 apud
549 3562 687 3627 Graecos
705 3555 810 3625 infimi
833 3559 978 3624 homines
1000 3560 1181 3625 mercedula
1196 3559 1330 3627 adducti

225 3333 262 3386 te

218 3407 267 3454 198

288 3666 445 3730 ministros
468 3685 502 3729 se
525 3668 678 3748 praebent
700 3666 734 3729 in
757 3661 883 3729 iudiciis
909 3661 1094 3743 oratoribus,
1122 3664 1144 3726 ii
1166 3663 1220 3745 qui
1240 3665 1331 3748 apud

287 3769 358 3833 illos
380 3769 597 3852 πραγματικοὶ
619 3775 783 3846 vocantur,
808 3763 908 3830 sicin
933 3770 1038 3827 nostra
1062 3765 1189 3830 civitate
1216 3773 1332 3832 eontra
