2866 4110
266 183 309 247 30
393 177 396 184 ‘
488 199 601 253 ernau
618 199 640 252 1.
671 197 875 253 cauae-27.
906 199 1084 261 erar-125.

265 373 424 456 plerisque
446 372 539 438 video
563 372 712 436 -hunc
735 391 794 454 ego
824 391 887 435 non
917 370 1163 454 reprehensione
1193 370 1305 451 solum,

265 475 322 541 scd
352 477 447 540 etiam
477 496 580 560 poena
610 475 742 560 dignum
771 480 856 558 puto.
911 474 1057 556 equidem
1088 479 1119 538 et
1148 473 1182 537 in
1212 475 1306 538 vobis

263 579 517 644 animadvertere
541 580 625 644 soleo
648 586 680 644 et
703 579 736 642 in
758 599 809 644 me
837 580 905 662 ipso
933 578 1117 661 saepissime
1144 577 1301 660 experior,

263 689 298 746 ut
321 691 352 747 et
375 684 578 748 exalbescam
600 684 633 746 in
656 683 819 766 principiis
842 681 969 746 dicendi
992 687 1023 745 et
1045 687 1111 746 tota
1133 689 1240 746 mente
1259 689 1304 747 at-

265 807 327 868 que
349 787 479 851 artubus
501 787 646 851 omnibus
666 793 929 869 contremescam;
953 784 1208 850 adulescentulus
1223 802 1336 851 veroa

263 890 310 954 sic
332 890 421 954 initio
444 889 654 954 accusationis
677 890 878 954 exanimatus
900 909 980 969 sum,
1003 896 1038 953 ut
1060 889 1119 952 hoc
1142 908 1300 953 summum

263 993 454 1056 beneficium
481 991 519 1067 Q.
540 992 681 1057 Maximo
711 992 884 1073 debuerim,
908 986 992 1074 qnod
1024 992 1173 1057 continuo
1204 994 1304 1058 consi-

263 1096 339 1160 lium
355 1095 519 1176 dimiserit,
536 1096 628 1160 simul
644 1115 682 1159 ac
704 1116 755 1160 me
777 1095 913 1160 fractum
935 1115 973 1159 ac
996 1095 1193 1160 debilitatum
1216 1104 1303 1161 metu

266 1193 404 1264 viderit’
892 1283 894 1288 Ι

194 1312 268 1379 122,
366 1303 428 1366 Hic
457 1321 568 1366 omnes
597 1301 725 1367 adsensi
755 1302 934 1385 significare
964 1303 1046 1368 inter
1059 1365 1063 1369 .
1076 1322 1145 1368 sese
1176 1310 1208 1367 et
1231 1323 1303 1367 con-
1322 1319 1356 1366 10

260 1406 347 1487 loqui
370 1410 550 1489 coeperunt.
597 1405 657 1469 fuit
687 1405 783 1470 enim
801 1404 951 1471 mirificus
974 1405 1104 1494 quidam
1129 1406 1163 1470 in
1186 1405 1301 1472 Crasso

261 1508 373 1592 pudor,
397 1509 451 1591 qui
478 1516 585 1574 tamen
611 1530 675 1574 non
702 1509 796 1576 modo
823 1530 887 1574 non
914 1510 1039 1575 obesset
1061 1511 1128 1575 eius
1151 1510 1298 1590 orationi,

192 1615 227 1668 27
263 1611 321 1686 sed
336 1613 432 1676 etiam
446 1613 612 1695 probitatis
628 1612 900 1677 commendatione
916 1612 1088 1697 prodesset.
1124 1619 1190 1677 tum
1206 1613 1302 1677 Anto-

261 1716 333 1780 nius
355 1708 473 1799 saepe,
501 1722 534 1780 ut
562 1713 651 1780 dicis²
679 1716 782 1797 inquit
808 1709 1038 1796 tanimadverti,
1061 1715 1185 1796 Crasse,
1206 1722 1239 1780 et
1267 1722 1301 1781 te

261 1825 293 1883 et
323 1828 443 1885 ceteros
474 1840 612 1885 summos
642 1827 796 1900 oratores,
828 1840 1018 1901 quamquam
1051 1820 1109 1885 tibi
1139 1840 1198 1904 par
1228 1841 1301 1884 mea
1322 1843 1356 1890 15

261 1923 420 1988 sententia
448 1944 541 1989 nemo
575 1945 726 2006 umquam
755 1920 823 2004 fuit,
851 1924 885 1987 in
916 1922 1042 1987 dicendi
1073 1922 1204 1989 exordio
1231 1945 1300 2007 per-

192 2033 241 2080 123
260 2027 388 2091 moveri.
424 2027 513 2092 cuius
536 2027 663 2109 quidem
685 2028 732 2092 rei
755 2048 826 2091 cum
849 2046 976 2091 causam
1000 2046 1193 2108 quaererem,
1210 2027 1301 2108 quid-

261 2150 335 2193 nam
359 2137 443 2196 esset
466 2150 530 2210 cur,
547 2137 582 2194 ut
603 2131 636 2196 in
660 2150 785 2214 quoque
807 2137 929 2194 oratore
951 2130 1120 2214 plurimum
1143 2136 1237 2210 esset,
1254 2131 1303 2195 ita

260 2234 400 2296 maxime
427 2233 454 2298 is
476 2234 722 2316 pertimesceret,
745 2233 804 2298 has
832 2253 945 2298 causas
970 2234 1174 2298 inveniebam
1201 2232 1300 2300 duas:

260 2355 371 2415 unam,
403 2336 487 2417 quod
520 2337 741 2420 intellegerent
770 2337 793 2399 ii
823 2357 901 2418 quos
930 2357 1006 2402 usus
1035 2356 1074 2402 ac
1102 2343 1216 2402 natura
1244 2337 1297 2404 do·
1319 2359 1354 2406 ιο

261 2439 377 2504 cuisset
407 2460 470 2504 non
501 2460 673 2520 numquam
706 2440 836 2505 summis
863 2443 1040 2507 oratoribus
1065 2461 1129 2512 non
1157 2443 1233 2508 satis
1257 2462 1299 2508 ex

261 2542 419 2607 sententia
449 2549 598 2608 eventum
629 2543 756 2609 dicendi
785 2544 971 2629 procedere3
1002 2545 1048 2609 ita
1077 2566 1141 2610 non
1170 2546 1296 2628 iniuria,

261 2646 542 2729 quotienscumque
572 2647 722 2728 dicerent,
745 2647 779 2711 id
808 2647 892 2730 quod
921 2648 1091 2730 aliquando
1114 2655 1221 2733 posset
1248 2670 1299 2714 ac-

192 2749 366 2814 reccidere
388 2769 429 2815 nc
451 2756 518 2814 turn
540 2749 700 2816 accideret
721 2751 841 2817 timere.
866 2753 966 2816 altera
988 2757 1035 2816 est
1057 2751 1148 2833 haec,
1171 2751 1211 2816 de
1234 2771 1299 2833 qua

261 2853 349 2933 queri
365 2873 461 2937 saepe
476 2855 577 2918 soleo:
602 2853 686 2936 quod
709 2862 884 2918 ceterarum
906 2855 1050 2920 homines
1071 2854 1185 2919 artium
1210 2875 1297 2938 spec·
1319 2873 1358 2921 25

259 2956 317 3020 tati
341 2962 371 3022 et
394 2957 528 3040 probati,
553 2959 579 3023 si
602 2956 728 3039 quando
757 2957 878 3040 aliquid
907 2959 1011 3023 minus
1040 2960 1123 3024 benc
1153 2957 1298 3022 fecerunt

259 3079 355 3140 quam
378 3062 488 3142 solent,
512 3067 566 3125 aut
593 3062 731 3127 noluisse
761 3068 816 3125 aut
846 3061 1028 3126 valetudine
1059 3060 1204 3146 impediti
1234 3080 1298 3125 non

259 3163 399 3247 potuisse
430 3165 579 3247 consequi
610 3164 643 3230 id
674 3164 759 3247 quod
789 3166 905 3230 scirent
934 3171 1085 3248 putantur
1112 3203 1152 3210 —
1175 3157 1298 3229 ‘noluit‘

258 3266 405 3348 inquiunt
436 3261 543 3333 ‘hodie
576 3289 673 3354 agere
702 3264 845 3333 Roscius‘
875 3274 930 3332 aut
962 3261 1097 3332 ‘crudior
1138 3264 1209 3358 fuit'
1238 3292 1297 3352 —;

258 3373 390 3438 oratoris
419 3378 585 3456 peccatum
615 3373 642 3438 si
673 3371 757 3454 quod
784 3378 832 3436 est
854 3370 1119 3452 animadversum,
1143 3371 1295 3436 stultitiae
1319 3389 1357 3438 ec

192 3487 241 3535 125
259 3483 424 3559 peccatum
447 3476 580 3541 videtur.
613 3477 745 3543 stultitia
767 3481 873 3540 autem
897 3475 1134 3540 excusationem
1157 3495 1220 3540 non
1243 3474 1296 3538 ha-

258 3579 322 3659 bet,
346 3581 421 3661 quia
442 3601 536 3646 nemo
558 3580 684 3646 videtur
705 3573 760 3645 aut
783 3578 857 3662 quia
880 3577 995 3643 crudus
1016 3577 1111 3643 fuerit
1133 3583 1188 3642 aut
1211 3577 1297 3659 quod

258 3683 304 3747 ita
325 3684 471 3748 maluerit
497 3685 610 3750 stultus
637 3685 744 3750 fuisse.
790 3702 852 3764 quo
876 3681 971 3745 etiam
993 3681 1123 3765 gravius
1145 3681 1298 3746 iudicium

257 3786 291 3850 in
315 3785 449 3852 dicendo
476 3788 625 3855 subimus.
671 3787 816 3872 quotiens
840 3784 924 3849 enim
947 3784 1089 3866 dicimus,
1113 3785 1229 3850 totiens
1256 3784 1299 3850 de
