2834 4110
370 217 482 271 nmnn
500 217 537 271 11.
568 217 705 274 cnara
736 220 881 282 994-99.
1101 203 1143 267 95

99 392 218 476 Ephori
240 391 368 456 Philisti
384 393 563 457 Naucratae
586 393 739 476 multique
761 393 816 458 alii
838 394 959 458 naturis
982 393 1142 476 differunt,

100 497 265 562 voluntate
287 501 395 560 autem
425 496 543 562 similes
567 503 694 561 suntet
726 497 808 563 inter·
837 517 908 563 sese
931 505 963 562 et
984 497 1142 581 magistri;

100 607 131 666 ct
160 600 194 665 hi
226 600 282 683 qui
317 619 352 664 99
386 599 429 664 ad
458 621 571 667 causas
601 602 810 683 contulerunt,
845 608 881 666 ut
909 600 1144 686 Demosthenes

99 704 283 788 Hyperides
311 705 477 787 Lyeurgus
504 705 680 770 Aeschines
708 705 888 770 Dinarchus
917 705 1033 788 aliique
1064 725 1144 770 com-

62 808 213 892 991999,
247 807 308 872 9191
338 807 424 871 inter
453 827 487 872 se
517 828 610 892 pares
641 829 705 873 non
734 808 872 889 fuerunt,
903 815 1009 874 tamen
1034 828 1144 874 omnes

98 912 229 976 suntin
254 910 369 977 codem
393 912 536 977 veritatis
558 912 733 978 imitandae
750 933 874 998 genere
897 913 1023 978 versati.
1071 933 1144 995 quo-

97 1036 165 1080 rum
182 1014 340 1099 quamdiu
362 1015 478 1080 mansit
500 1016 644 1094 imitatio,
667 1016 789 1082 tamdiu
804 1036 906 1101 genus
921 1017 1000 1082 illud
1016 1017 1144 1082 dicendi

98 1120 305 1201 studiumque
328 1118 423 1204 vixit;
447 1126 655 1203 posteaquam
671 1120 821 1186 extinctis
844 1121 890 1186 eis
910 1122 1013 1187 omnis
1036 1141 1144 1186 eorum
1163 1141 1196 1189 95

97 1224 252 1288 memoria
276 1221 396 1288 sensim
419 1223 586 1288 obscurata
609 1229 657 1289 est
680 1231 712 1290 et
735 1225 875 1306 evanuit,
899 1225 962 1290 alia
986 1225 1144 1307 quaedam

48 1326 231 1392 radicandi
261 1326 408 1391 molliora
437 1347 476 1391 ac
498 1328 677 1393 remissiora
699 1348 819 1411 genera
841 1329 1021 1412 viguerunt.
1068 1328 1144 1393 indo

96 1430 328 1510 Demochares
352 1450 445 1512 quem
462 1430 551 1496 aiunt
567 1432 680 1497 sororis
695 1432 794 1497 filium
810 1432 910 1498 luisse
924 1433 1144 1514 Demostheni,

96 1541 163 1600 tum
179 1534 358 1599 Phalereus
380 1533 434 1598 ille
449 1535 641 1617 Demetrius,
665 1536 805 1601 omnium
827 1537 960 1609 istorum
982 1557 1055 1601 mea
1077 1557 1145 1602 sen-

95 1639 198 1704 tentia
214 1637 434 1722 politissimus,
457 1639 575 1722 aliique
590 1638 703 1705 horum
719 1640 838 1706 similes
854 1641 1037 1705 extiterunt.
1063 1660 1144 1722 quae

97 1742 124 1808 si
145 1743 296 1808 volemus
318 1761 418 1824 usqne
441 1743 483 1806 ad
505 1743 566 1809 hoc
581 1750 706 1828 tempus
728 1746 887 1828 persequi,
911 1745 1143 1828 intellegemus,

48 1863 78 1911 15
97 1854 131 1911 ut
153 1866 243 1911 nunc
267 1845 525 1913 Alabandensem
548 1848 637 1912 illum
660 1849 835 1914 Meneclem
858 1856 890 1914 et
917 1849 985 1914 9199
1014 1847 1145 1911 fratrem

96 1951 290 2031 Hieroclem,
313 1969 393 2030 quos
416 1970 475 2035 ego
498 1951 616 2032 audivi,
637 1958 704 2017 tota
726 1953 866 2019 imitetur
887 1953 974 2031 Asia,
998 1951 1044 2015 sic
1067 1970 1145 2014 sem·
1231 2017 1234 2024 ,

96 2075 154 2138 per
175 2054 281 2119 fuisse
303 2054 441 2136 ahqucm
458 2055 548 2122 cuius
571 2076 605 2121 se
629 2056 748 2123 similes
771 2058 913 2143 plerique
930 2075 1000 2122 csse
1016 2055 1143 2120 vellant.

204 2158 300 2221 Hanc
329 2157 426 2241 igitur
457 2158 696 2225 similitudinem
719 2163 773 2244 qui
804 2161 981 2226 imitatione
1010 2158 1144 2241 adsequi
1164 2179 1197 2226 99

98 2263 194 2342 volet,
227 2281 302 2326 cum
333 2263 614 2330 exercitationibus
645 2267 766 2331 crebris
795 2271 893 2347 atque
922 2265 1048 2348 magnis
1077 2271 1144 2328 tum

46 2389 79 2436 20
99 2365 271 2430 scribendo
294 2366 433 2431 maxime
456 2375 671 2451 persequatur.
707 2368 792 2451 quod
823 2370 850 2434 si
873 2369 927 2433 hic
948 2375 1056 2434 noster
1078 2369 1145 2434 Sul·

97 2469 202 2553 picius
224 2468 355 2551 faceret,
386 2471 575 2537 multocius
602 2472 702 2536 oratio
726 2478 809 2538 esset
839 2473 995 2558 pressior,
1021 2473 1055 2537 in
1083 2493 1145 2555 qua

96 2591 184 2637 nunc
218 2572 387 2657 interdum,
422 2581 455 2639 91
488 2575 522 2640 19
556 2575 663 2642 herbis
696 2574 806 2641 rustici
840 2577 943 2642 solent
973 2575 1080 2642 dicere
1109 2577 1143 2641 in

97 2696 224 2741 summa
246 2677 401 2759 ubertate,
429 2679 513 2744 inest
535 2680 677 2746 luxuries
700 2678 868 2762 quaedam,
893 2701 975 2764 quae
998 2682 1069 2747 stilo
1092 2680 1143 2747 de-

97 2778 263 2863 pascenda
286 2776 354 2846 est'
398 2781 450 2846 hic
473 2782 630 2866 Sulpicius
660 2775 722 2848 ‘me
746 2777 886 2865 quidem'
915 2784 1019 2867 inquit
1047 2777 1142 2849 ‘recte
1162 2803 1194 2851 or

45 2905 79 2953 25
97 2903 212 2948 mones
233 2882 330 2965 idque
360 2885 437 2950 mihi
469 2892 595 2970 gratum
618 2892 680 2970 est3
712 2885 770 2952 sed
792 2908 832 2952 ne
855 2894 887 2952 tc
910 2887 1048 2971 quidam,
1080 2889 1142 2952 An-

98 2987 177 3068 toni,
201 2987 335 3052 multum
358 2989 554 3073 scriptitasse
576 2987 733 3055 arbitror?
763 2996 831 3056 tum
852 2991 906 3055 ille
930 2985 1032 3075 tquasi
1055 2988 1142 3057 vero’

97 3090 204 3172 inquit
234 3082 309 3156 ‘non
339 3103 384 3156 ea
399 3092 594 3176 praecipiam
624 3094 695 3159 aliis
719 3112 801 3174 quae
831 3093 910 3158 mihi
938 3095 1000 3180 ipsi
1024 3095 1141 3160 desint!

2 3201 26 3216 ‘⁸
99 3193 158 3258 sed
180 3199 287 3258 tamen
310 3215 351 3260 ne
374 3197 499 3261 tabulas
515 3196 643 3278 quidem
659 3195 816 3263 conficere
833 3197 1004 3263 existimor.
1033 3218 1143 3264 verum

100 3297 189 3362 etin
212 3295 272 3362 hoc
295 3318 336 3363 en
366 3319 401 3364 re
431 3299 581 3364 familiari
611 3320 683 3365 mea
713 3305 745 3364 91
774 3300 809 3365 19
838 3300 892 3366 1119
924 3322 965 3366 ex
1000 3321 1036 3365 co
1060 3302 1144 3382 quod

49 3423 81 3470 99
100 3399 183 3482 dioc,
215 3402 402 3481 quantulum
432 3401 466 3467 id
497 3423 631 3487 cumque
662 3411 719 3484 est,
755 3403 833 3485 quid
866 3403 982 3468 faciam
1011 3401 1144 3468 iudicari

99 3511 212 3588 potest.
258 3511 355 3598 atque
379 3527 449 3572 esse
472 3513 579 3572 tamen
601 3510 715 3573 multos
737 3507 883 3572 videmus
906 3507 960 3588 qui
983 3506 1144 3572 neminem
1164 3531 1197 3578 os

100 3608 265 3674 imitentur
288 3617 320 3675 et
349 3617 462 3696 suapte
492 3618 605 3677 natura
628 3610 713 3695 quod
734 3612 835 3676 velint
864 3609 934 3674 sine
957 3608 1145 3692 cuiusquam

102 3712 308 3779 similitudine
324 3722 566 3798 consequantur.
599 3715 684 3798 quod
706 3718 739 3777 et
762 3715 795 3778 in
817 3713 909 3778 vobis
931 3711 1144 3781 animadverti

101 3824 186 3884 recte
209 3825 323 3904 potest,
352 3821 469 3886 Caesar
500 3826 531 3883 et
555 3821 656 3900 Cotta,
688 3835 820 3900 quorum
849 3816 929 3880 alter
958 3812 1144 3884 inusitatum
