2836 4114
336 219 447 274 LIBER
462 221 513 274 111.
541 220 624 274 cAP.
640 223 749 275 16-17.
775 224 914 284 sac-oa.
1077 205 1139 269 185

1 411 6 455 r
91 395 200 474 nieles,
225 398 262 458 ut
285 392 509 474 Theramenes,
533 400 587 458 aut
611 393 663 476 qui
687 393 792 458 minus
814 393 875 476 ipsi
898 394 932 459 in
954 415 989 459 re
1012 394 1140 478 publica

2 488 6 499 '
92 501 313 577 versarentur,
345 496 401 562 sed
433 495 488 584 [ut]
520 497 614 562 huius
644 504 751 562 tamen
785 496 928 563 eiusdem
963 498 1139 581 sapientiae

92 601 243 666 doctores
267 607 382 681 essent,
406 606 441 664 ut
464 600 599 684 Gorgias
621 595 880 683 Thrasymachus
902 601 1067 680 Isocrates,
1095 601 1139 664 in-

91 703 185 770 venti
209 709 284 768 sunt
307 702 370 784 qui,
394 723 466 768 cum
487 703 549 788 ipsi
564 703 708 768 doctrina
724 709 756 769 et
771 703 908 788 ingeniis
928 703 1138 784 abundarent,

58 821 115 872 sa
140 828 175 873 re
197 812 307 872 autem
341 805 425 871 ciuili
456 813 487 872 et
517 827 537 871 a
566 806 704 890 negotiis
733 807 832 871 animi
855 805 993 888 quodam
1023 806 1138 872 iudicio

92 910 318 990 abhorrerent,
341 909 424 975 hanc
447 909 575 975 dicendi
599 909 859 975 exercitationem
876 910 1077 994 exagitarent
1096 916 1139 974 at-

92 1033 160 1097 que
183 1020 430 1080 contemnerent.
477 1033 610 1095 quorum
639 1013 786 1097 princeps
817 1014 962 1080 Socrates
988 1011 1067 1101 [fuit]
1099 1053 1138 1062 -
1159 1024 1191 1073 cc

93 1119 126 1182 is
151 1117 205 1200 qui
228 1116 369 1182 omnium
391 1115 583 1182 eruditorum
616 1117 796 1182 testimonio
830 1117 989 1200 totiusque
1023 1117 1140 1183 iudicio

93 1220 253 1287 Graeciae
277 1239 348 1284 cum
370 1219 540 1304 prudentia
562 1225 594 1286 et
616 1220 762 1285 acumine
786 1226 817 1284 et
832 1226 1000 1286 venustate
1024 1228 1055 1286 et
1071 1223 1140 1288 sub-

5 1376 9 1401 ,
45 1337 73 1384 rc
93 1325 213 1390 tilitate
243 1328 311 1388 tum
340 1342 415 1390 vero
450 1323 631 1406 eloquentia
661 1323 816 1389 varietate
847 1324 948 1408 copia,
980 1345 1075 1407 quam
1107 1346 1140 1390 se

94 1448 235 1510 cumque
258 1426 293 1491 in
315 1432 437 1511 partem
460 1425 609 1510 dedisset,
634 1427 773 1492 omnium
796 1426 857 1492 fuit
879 1427 973 1493 facile
993 1430 1141 1513 princeps

93 1532 202 1596 —iis
235 1529 291 1612 qui
320 1530 409 1611 haec,
441 1550 524 1613 quae
554 1551 639 1595 nunc
666 1550 724 1596 nos
747 1531 938 1612 quaerimus,
969 1521 1141 1597 tractarent

4 1670 9 1773 Ι
94 1640 232 1719 agerent
256 1632 414 1714 docerent,
447 1654 518 1698 cum
548 1634 676 1699 nomine
699 1634 933 1718 appellarentur
960 1655 1032 1715 uno,
1057 1635 1141 1717 quod

5 1794 8 1805 .
95 1739 203 1805 omnis
225 1758 330 1803 rerum
352 1739 541 1823 optimarum
565 1738 703 1823 cognitio
725 1745 821 1820 atque
842 1738 877 1802 in
899 1738 939 1802 iis
955 1738 1141 1804 exercitatio

4 1892 10 1984 ἱ
46 1855 76 1902 15
96 1841 301 1928 philosophia
334 1843 566 1922 nominaretur,
598 1841 658 1906 hoc
687 1860 853 1907 commune
880 1861 996 1906 nomen
1027 1841 1141 1925 eripuit

5 1985 9 2031 ς
97 1946 325 2031 sapienterque
355 1944 514 2010 sentiendi
544 1951 576 2010 et
606 1950 716 2010 ornate
751 1943 878 2010 dicendi
907 1943 1072 2008 scientiam
1106 1965 1141 2009 rc

5 2038 11 2079 r

97 2049 308 2118 cohaerentes
330 2046 598 2132 disputationibus
629 2047 694 2113 suis
722 2047 891 2132 separavit.
938 2047 1027 2113 cuius
1055 2047 1139 2132 inge-

6 2156 10 2175 '
96 2155 186 2219 nium
210 2150 379 2233 variosque
402 2171 564 2217 sermones
586 2150 813 2215 immortalitati
829 2150 954 2235 scriptis
970 2151 1035 2216 suis
1051 2151 1141 2216 Plato

97 2255 239 2334 tradidit,
264 2255 427 2338 cumipse
457 2255 596 2319 litteram
627 2255 773 2320 Socrates
804 2255 921 2318 nullam
953 2254 1140 2336 reliquisset.

47 2359 176 2425 achina
197 2356 368 2423 discidium
389 2357 467 2422 illud
491 2357 596 2422 extitit
625 2357 718 2439 quasi
746 2358 875 2440 huguae
905 2363 1000 2439 atque
1028 2357 1142 2438 cordis,
1162 2369 1194 2416 cr

97 2461 275 2529 absurdum
298 2481 376 2527 sane
399 2467 431 2525 et
452 2461 564 2526 inutile
588 2467 618 2524 et
633 2459 941 2544 reprehendendum,
965 2467 999 2526 ut
1015 2461 1068 2526 alii
1085 2482 1143 2528 nos

98 2585 222 2650 sapere,
246 2564 301 2629 alii
322 2563 428 2630 dicere
451 2562 610 2629 docerent.
656 2585 731 2630 nam
752 2585 822 2628 cum
840 2571 947 2630 essent
962 2565 1068 2650 plures
1084 2567 1143 2631 orti

98 2671 169 2735 fere
190 2690 211 2733 a
234 2669 374 2748 Socrate,
399 2667 483 2750 quod
506 2689 548 2733 ex
570 2667 655 2732 illius
674 2669 772 2734 variis
788 2675 819 2732 et
835 2667 969 2736 diversis
986 2675 1017 2734 et
1032 2669 1064 2732 in
1081 2688 1144 2733 om-

100 2792 176 2838 nem
198 2778 322 2856 partem
352 2770 477 2836 diffusis
507 2770 775 2855 disputationibus
805 2771 886 2836 alius
916 2771 1002 2837 aliud
1034 2791 1144 2856 appre·
1209 2785 1212 2790 “

51 2889 81 2936 25
100 2875 270 2956 henderat,
293 2875 528 2958 proseminatae
551 2879 625 2939 sunt
648 2875 737 2956 quasi
762 2874 904 2941 familiae
920 2876 1145 2940 dissentientes

99 2982 184 3045 inter
212 2999 246 3044 se
278 2985 309 3043 et
339 2978 472 3042 multum
503 2976 662 3042 diiunctae
697 2983 728 3042 et
751 2976 905 3060 dispares,
936 2999 1008 3043 cum
1038 2985 1146 3044 tamen

102 3103 214 3149 omnes
244 3102 279 3147 se
309 3079 490 3166 philosophi
520 3080 698 3146 Socraticos
729 3086 760 3144 et
783 3079 846 3144 dici
868 3082 988 3146 vellent
1014 3074 1048 3145 'et
1076 3099 1146 3146 esse

100 3187 339 3252 arbitrarentur.
385 3204 424 3248 ac
454 3183 555 3268 primo
577 3185 619 3248 ab
648 3183 719 3267 ipso
741 3184 875 3250 Platone
897 3185 1084 3250 Aristoteles
1115 3190 1147 3247 et
1165 3155 1198 3276 ἐξ

3 3281 13 3333 ·’
102 3291 312 3369 Xenocrates,
335 3307 469 3371 quorum
492 3287 571 3352 alter
593 3286 885 3371 Peripateticorum,
917 3287 996 3352 alter
1027 3285 1147 3351 Acade·

2 3378 8 3427 ¹
51 3407 84 3453 30
105 3393 188 3459 miae
211 3411 328 3457 nomen
351 3391 496 3471 obtinuit,
521 3388 636 3454 deinde
659 3390 700 3454 ab
723 3389 924 3471 Antisthene,
949 3389 1003 3470 qui
1026 3389 1147 3472 patien-

102 3497 180 3562 tiam
204 3503 236 3561 et
259 3495 408 3560 duritiam
430 3495 463 3558 in
479 3493 639 3559 Socratico
655 3513 800 3558 sermone
816 3494 956 3557 maxime
971 3491 1146 3573 adamarat,

1 3587 9 3689 l
105 3600 219 3684 Cynici
249 3599 404 3684 primum,
432 3596 506 3662 dein
539 3595 645 3676 Stoici,
681 3603 747 3661 tum
777 3597 817 3661 ab
845 3594 1018 3678 Aristippo,
1055 3615 1148 3678 quem
1266 3657 1267 3660 ,

104 3704 177 3770 illae
200 3702 304 3787 magis
326 3700 523 3785 voluptariae
553 3698 784 3783 disputationes
814 3697 1020 3780 delectarent,
1052 3699 1148 3782 Gyre-

105 3808 197 3874 naica
220 3804 421 3891 philosophia
443 3803 595 3883 manavit,
621 3823 715 3885 quarn
738 3803 791 3866 ille
807 3807 837 3866 et
854 3802 922 3867 eius
942 3803 1061 3884 posteri
1078 3802 1148 3868 sim·
