2834 4110
316 209 428 263 ursan
446 209 482 263 11.
513 209 720 264 curuo-aa
751 212 895 273 car-co.
1077 191 1119 255 93

78 404 224 466 quamur,
248 389 285 448 ut
308 383 337 447 ei
360 381 521 448 tradamus
544 403 583 448 ea
605 381 772 447 dumtaxat
795 403 877 464 quae
900 401 958 447 nos
978 401 1053 446 usus
1069 381 1119 446 do

78 488 153 570 cuit,
178 495 213 552 ut
235 487 329 552 nobis
351 485 484 552 ducibus
507 486 616 552 veniat
639 506 676 551 eo
696 505 758 568 quo
782 487 851 551 sine
866 484 947 550 duee
969 485 1030 569 ipsi
1053 506 1120 569 per-

77 592 236 672 venimus,
260 590 562 672 quoniam'meliora
584 589 698 655 docere
721 610 785 655 non
807 608 983 674 possumus.

182 696 290 776 Atque
320 701 355 758 ut
384 715 404 758 a
432 693 580 759 familiari
610 700 716 759 nostro
747 693 903 774 exordiar,
934 693 1019 758 hunc
1049 713 1118 776 ego,
1137 671 1173 792 ἒξ

42 814 57 860 5
77 799 201 881 Catule,
226 798 400 883 Sulpicium
423 798 558 881 primum
581 799 614 862 in
638 818 734 863 causa
755 798 887 882 parvula
902 796 1119 862 adulescentu-

76 903 143 968 lnm
165 902 277 969 audivi
299 922 378 968 voce
401 909 433 967 ct
462 901 563 968 forma
591 909 623 967 et
653 909 739 968 motu
763 903 901 986 corporis
931 909 963 967 et
991 901 1121 984 reliquis

77 1008 174 1074 rebus
197 1007 282 1091 aptis
305 1006 347 1071 ad
369 1005 429 1071 hoc
457 1027 571 1073 munus
602 1005 727 1088 dequo
757 1007 948 1088 quaerimus,
980 1005 1122 1071 oratione
1164 1079 1167 1087 ,

77 1117 186 1176 autem
209 1110 306 1176 celeri
330 1117 361 1174 et
383 1110 547 1192 concitata,
581 1109 665 1193 quod
696 1117 764 1176 erat
790 1110 922 1193 ingenii,
953 1115 985 1175 et
1015 1111 1121 1175 verbis

79 1214 365 1280 effervescentibus
396 1221 427 1278 et
456 1214 550 1298 paulo
580 1213 715 1278 nimium
742 1213 1006 1294 redundantibus,
1037 1213 1120 1296 qnod

29 1326 148 1386 ruerat
171 1319 295 1383 aetatis.
342 1338 406 1382 non
429 1337 499 1382 sum
520 1323 725 1402 aspernatus,
748 1319 820 1383 volo
844 1318 929 1383 enim
952 1337 986 1383 se
1011 1317 1122 1382 efferat

77 1425 113 1488 iu
135 1422 343 1487 adulescente
365 1420 553 1486 fecunditas,
599 1442 673 1486 nam
696 1421 822 1486 facilius
845 1421 927 1486 sicut
948 1421 981 1486 in
1004 1420 1122 1486 vitibus

77 1533 269 1593 revocantur
291 1547 331 1591 ea
347 1545 428 1607 quae
451 1546 486 1592 se
501 1526 633 1591 nimium
648 1524 858 1610 profuderunt
873 1546 978 1609 quam,
1002 1526 1029 1590 si
1044 1525 1123 1589 nihil

78 1632 166 1697 valet
195 1629 354 1710 materies
386 1650 469 1695 nova
499 1635 659 1694 sarmenta
683 1630 805 1694 cultura
828 1630 1016 1709 excitantur,
1047 1629 1123 1694 item

78 1736 151 1800 volo
184 1754 256 1800 esse
286 1733 320 1798 in
349 1732 553 1798 adulescente
583 1732 669 1798 unde
699 1732 819 1814 aliquid
847 1740 1024 1817 amputem,
1059 1752 1122 1796 non

31 1860 60 1906 rs
79 1839 167 1903 euim
188 1843 295 1922 potest
316 1837 350 1901 in
366 1857 403 1902 eo
426 1857 520 1902 sucus
536 1857 605 1902 esse
621 1836 797 1918 diuturnus,
821 1836 906 1918 quod
928 1837 1023 1901 nimis
1046 1837 1123 1902 ccle-

79 1943 156 2007 riter
183 1949 233 2008 est
263 1941 478 2006 maturitatem
508 1941 702 2007 adsecutum.
749 1940 816 2006 vidi
846 1940 954 2005 statim
982 1939 1122 2005 indolem
1142 1953 1174 2002 ae

79 2065 185 2128 neque
208 2044 316 2110 dimisi
347 2050 471 2128 tempus
499 2051 530 2109 et
557 2065 630 2110 eum
660 2065 730 2110 sum
753 2043 933 2110 cohortatus
963 2050 998 2107 ut
1020 2042 1123 2108 forum

79 2149 143 2215 sibi
164 2148 275 2214 ludum
298 2154 424 2232 putaret
440 2167 509 2214 esse
532 2146 574 2212 ad
589 2147 786 2229 discendum,
809 2147 995 2232 magistrum
1017 2154 1124 2212 autem

80 2273 175 2336 quem
199 2253 297 2317 vellet
320 2251 464 2336 eligeret3
489 2272 540 2318 me
556 2252 684 2334 quidem
707 2253 735 2318 si
750 2252 884 2334 audiret,
909 2254 944 2318 L.
962 2252 1121 2317 Crassum.

29 2379 59 2426 20
81 2356 166 2440 quod
187 2357 249 2422 iste
265 2355 404 2440 adripuit
427 2361 458 2421 et
481 2357 526 2420 ita
548 2376 619 2422 sese
634 2356 791 2422 facturum
809 2356 1007 2422 confirmavit
1029 2362 1125 2439 atque

79 2461 177 2526 etiam
207 2458 342 2539 addidit,
376 2459 498 2543 gratiae
529 2459 650 2525 scilicet
680 2480 786 2541 causa,
825 2482 877 2527 me
907 2481 1032 2543 quoque
1063 2459 1124 2526 sibi

80 2567 270 2650 magistrum
303 2564 452 2629 futurum.
505 2565 562 2630 uix
596 2585 699 2630 annus
733 2566 956 2633 intercesserat
990 2568 1030 2632 ab
1065 2565 1126 2630 hoo

80 2690 227 2736 sermone
251 2668 474 2735 cohortationis
497 2689 598 2750 meae,
623 2690 694 2734 cum
717 2669 778 2735 istc
800 2671 965 2736 accusavit
989 2670 1023 2735 Ο.
1047 2670 1125 2736 Nor·

80 2777 211 2855 banum,
235 2772 430 2838 defendente
452 2793 517 2838 me:
541 2794 605 2838 non
628 2779 676 2838 est
699 2772 850 2842 credibile
873 2773 951 2857 quid
972 2774 1126 2839 interesse

30 2899 62 2945 as
82 2877 161 2943 mihi
191 2879 233 2944 sit
259 2877 364 2942 visum
393 2877 571 2941 intersum
601 2877 656 2958 qui
686 2883 754 2941 tum
788 2886 856 2944 erat
887 2883 918 2942 et
954 2878 1007 2961 qui
1042 2896 1125 2942 anno

81 2989 157 3047 ante
179 2981 293 3047 fuerat.
341 2979 468 3046 omnino
491 2979 524 3043 in
547 2979 626 3045 illud
648 3000 751 3063 genus
778 3001 851 3047 eum
875 2980 982 3048 Crassi
1005 2979 1126 3064 magni·

81 3085 177 3150 ficum
199 3091 297 3167 atque
316 3083 512 3168 praeclarum
528 3091 642 3148 natura
664 3083 734 3167 ipsa
756 3083 903 3165 ducebat,
927 3083 985 3152 sed
1001 3104 1040 3148 ea
1061 3103 1125 3148 non

83 3189 160 3255 satis
182 3187 337 3274 proficere
359 3187 522 3270 potuisset,
552 3187 614 3252 nisi
638 3185 750 3252 eodem
773 3190 877 3254 studio
907 3196 1003 3271 atque
1025 3186 1126 3252 imita-

83 3294 168 3359 tione
196 3290 389 3358 intendisset
419 3297 515 3373 atque
549 3292 593 3355 ita
623 3290 729 3356 dicere
759 3300 957 3372 consuesset,
992 3297 1027 3354 ut
1060 3295 1127 3353 tota

35 3416 66 3462 ac
84 3403 189 3462 mente
213 3398 364 3463 Crassum
386 3401 482 3476 atque
505 3397 591 3461 omni
614 3395 720 3461 animo
742 3395 924 3463 intueretur.
969 3411 1044 3474 ergo
1066 3371 1185 3492 1100ξὲ

85 3500 126 3564 sit
147 3501 284 3584 primum
307 3498 341 3563 in
369 3499 548 3583 praeceptis
579 3500 668 3580 meis,
699 3505 734 3562 ut
757 3498 1010 3566 demonstremus
1034 3511 1127 3575 quem

85 3605 224 3671 imitetur
248 3602 355 3692 [atque
390 3603 445 3684 ita,
476 3611 520 3684 ut,
552 3623 634 3686 quae
665 3603 805 3668 maxime
836 3601 994 3668 excellent
1025 3598 1059 3662 in
1090 3614 1127 3661 eo

87 3729 178 3790 quem
211 3707 397 3788 imitabitur,
432 3726 470 3770 ea
504 3705 745 3791 diligentissime
778 3697 1007 3788 persequatur}
1060 3703 1128 3762 tum

86 3815 217 3881 accedat
240 3812 436 3892 exercitatio,
468 3830 530 3894 qua
559 3811 648 3876 illurn
671 3828 764 3890 quem
788 3807 941 3890 delegerit
970 3799 1127 3868 imitando
