2834 4110
333 182 447 236 ursus
465 183 501 238 11.
537 181 743 240 omaso-57.
780 184 959 247 saar-aar.
1104 167 1163 230 131

105 396 110 406 ·
135 357 197 417 tum
216 353 347 422 facetias
370 357 404 420 in
427 355 562 421 dicendo
584 357 735 442 prodesse
759 376 855 440 saepe
878 361 910 420 et
926 375 980 422 eas
995 362 1063 420 arte
1079 356 1165 421 nullo

135 457 222 521 modo
243 477 337 543 posse
361 458 452 524 tradi.
497 459 576 523 illud
606 459 733 543 quidem
764 459 912 540 admiror,
943 467 975 524 te
1010 459 1102 524 nobis
1132 459 1166 524 in

135 578 169 623 eo
200 581 315 644 genere
346 563 494 628 tribuisse
523 571 646 629 tantum
680 570 711 628 et
744 583 807 628 non
838 562 932 628 huius
965 563 1012 628 rei
1042 582 1165 645 quoque

134 664 264 745 palmam
288 664 334 752 [ut
359 667 544 755 ceterarum]
569 670 683 735 Crasso
707 663 880 732 detulisse?
925 674 992 732 tum
1008 667 1166 733 Antonius
1185 675 1236 724 228

104 787 119 834 ε
135 758 199 850 ‘ego
220 790 294 834 vcro
311 771 356 834 ita
371 769 528 836 fecissem'
544 773 646 856 inquit
662 765 735 838 ‘nisi
750 771 909 837 interdum
923 771 957 836 in
973 771 1032 836 hoc
1052 771 1165 836 Crasso

133 875 255 956 paulum
284 875 471 941 inviderem.
517 899 590 943 nam
625 898 695 943 esse
726 878 871 960 quamvis
901 877 1040 945 facetum
1070 883 1166 960 atquc

78 975 80 981 ’
132 979 243 1044 salsum
274 1001 339 1045 non
370 981 464 1046 nimis
488 988 535 1048 est
565 1003 622 1066 pcr
651 1001 686 1046 sc
716 981 820 1065 ipsum
849 980 1074 1065 invidendum;
1110 980 1167 1046 sed

132 1101 199 1146 cum
221 1085 363 1149 omnium
386 1084 426 1150 sit
448 1087 689 1152 venustissimus
713 1091 744 1150 et
764 1086 1003 1167 urbanissimus,
1027 1085 1167 1151 omnium

131 1187 349 1269 gravissimum
373 1194 404 1252 et
427 1190 659 1254 severissimum
683 1195 715 1254 et
738 1209 807 1254 esse
831 1195 862 1254 et
884 1188 996 1272 videri,
1014 1188 1098 1272 quod
1113 1189 1167 1254 isti

89 1303 116 1350 10
132 1291 259 1374 contigit
289 1291 354 1371 uni,
386 1292 463 1357 mibi
492 1294 548 1357 vix
579 1292 745 1360 ferendum
775 1289 965 1358 videbatur?
1010 1294 1062 1358 hic
1094 1312 1165 1358 oum
1186 1298 1237 1350 229

131 1393 291 1460 adrisisset
312 1395 382 1480 ipse
407 1396 548 1478 Crassus,
572 1390 622 1461 ‘ac
644 1393 762 1461 tamen'
785 1396 888 1478 inquit
902 1397 1060 1463 Antonius
1083 1389 1166 1462 ‘oum

131 1504 227 1562 artem
251 1518 322 1564 esse
344 1499 539 1581 facetiarum,
563 1500 633 1580 Iuli,
663 1519 808 1583 negares,
837 1501 988 1582 aperuisti
1015 1499 1167 1583 quiddam

132 1601 212 1681 quod
235 1602 497 1686 praecipiendum
520 1603 690 1669 videretur.
736 1603 847 1668 haberi
873 1603 958 1668 enim
985 1603 1094 1668 dixisti
1112 1623 1168 1684 ra·

132 1705 246 1769 tionem
269 1712 413 1790 oportere
444 1706 606 1772 hominum
636 1706 683 1770 rei
718 1705 878 1790 temporis,
909 1727 949 1772 ne
981 1706 1057 1788 quid
1079 1707 1168 1772 iocus
1260 1745 1264 1755 ·

17 1817 18 1820 ’
90 1819 116 1866 15
133 1806 169 1872 de
190 1809 350 1892 gravitate
374 1808 575 1894 dccerpcrct;
600 1808 683 1893 quod
700 1809 828 1892 quidem
844 1809 877 1874 in
893 1809 1003 1894 primis
1019 1829 1039 1872 a
1054 1809 1167 1874 Crasso
1193 1891 1194 1896 ἵ

133 1911 291 1977 observari
315 1913 402 1978 solet.
442 1913 499 1979 sed
521 1914 581 1979 hoc
596 1921 800 1998 praeceptum
816 1911 1168 1998 praetermittendarum

132 2023 177 2080 est
199 2015 396 2097 facetiarum,
420 2037 492 2081 cum
514 2018 553 2083 iis
576 2016 655 2081 nihil
678 2037 757 2101 opus
780 2018 829 2083 sit.
876 2036 934 2082 nos
964 2020 1072 2080 autem
1104 2035 1166 2097 quo

131 2118 222 2184 modo
245 2125 380 2200 utamur,
405 2140 475 2184 oum
499 2141 578 2204 opus
601 2119 650 2200 sit,
682 2121 872 2202 quaerimus,
904 2119 993 2183 utin
1021 2116 1169 2182 adversa-

17 2299 18 2304 ,
130 2221 209 2284 rium
232 2228 263 2287 et
287 2223 436 2304 maxime,
461 2224 489 2288 si
512 2225 579 2289 eius
602 2223 735 2288 stultitia
764 2224 879 2307 poterit
909 2220 1033 2306 agitari,
1061 2221 1094 2284 in
1125 2225 1169 2285 tc·

17 2325 18 2398 J
87 2339 115 2386 ao
132 2331 210 2389 stem
232 2326 362 2392 stultum
386 2325 535 2410 cupidum
558 2328 673 2407 levem,
698 2327 725 2392 si
747 2326 840 2391 facile
863 2325 1008 2391 homines
1030 2323 1169 2388 audituri

131 2428 331 2494 videbuntur,
378 2429 506 2495 omnino
528 2430 741 2514 probabiliora
763 2436 836 2494 sunt
859 2449 941 2512 quac
964 2427 1102 2494 lacessiti
1126 2426 1170 2491 di·
1188 2437 1239 2485 230

132 2531 230 2597 cimus
264 2552 360 2615 quam
394 2554 475 2616 quae
509 2535 638 2618 priores.
684 2554 759 2598 uam
798 2540 830 2597 ct
866 2532 987 2617 ingenii
1026 2532 1170 2598 celeritas

132 2635 229 2701 maior
252 2642 301 2702 cst
324 2657 406 2718 quac
428 2644 561 2722 apparet
583 2637 616 2700 in
639 2636 871 2720 respondendo,
903 2643 934 2701 et
962 2635 1168 2700 humanitatis

17 2806 21 2822 ,
133 2746 179 2804 cst
193 2740 366 2823 responsio.
405 2740 550 2805 videmur
573 2740 657 2804 enim
674 2739 809 2821 quicturi
825 2740 933 2821 fuisse,
950 2738 1012 2804 nisi
1028 2758 1169 2805 essemus

17 2853 18 2872 ³
86 2857 115 2904 as
131 2843 285 2926 lacessiti;
317 2849 352 2907 ut
384 2843 416 2907 iu
439 2843 510 2926 ipsa
531 2843 593 2908 ista
616 2842 762 2908 contione
785 2843 864 2907 nibil
886 2841 953 2907 fere
977 2841 1095 2907 dictum
1120 2848 1168 2906 est

133 2947 172 3010 ab
194 2946 264 3027 hoo,
294 2946 379 3028 quod
409 2946 537 3029 quidem
568 2946 701 3012 facetius
735 2945 854 3010 dictum
884 2945 1054 3026 videretur,
1086 2943 1170 3027 quod

133 3070 194 3114 non
216 3057 405 3135 provocatus
429 3049 635 3134 responderit.
681 3055 748 3114 erat
770 3055 877 3113 autem
899 3053 989 3112 tanta
1011 3049 1045 3112 in
1065 3048 1170 3112 Domi·
1223 3095 1225 3099 ψ

132 3153 175 3218 tio
210 3155 366 3238 gravitas,
401 3161 491 3219 tanta
523 3153 704 3234 auctoritas,
738 3158 782 3233 nt,
822 3151 905 3235 quod
939 3157 1023 3216 esset
1056 3152 1097 3216 ab
1132 3172 1170 3216 ec

133 3256 298 3338 obiectum,
336 3258 442 3342 lepore
475 3257 577 3340 magis
612 3255 801 3321 elevandum
835 3275 930 3339 quam
968 3253 1171 3318 contentione

17 3365 19 3386 ¹
85 3375 116 3423 so
133 3353 341 3445 frangendum
364 3355 546 3425 videretur?
1193 3413 1229 3467 57

17 3457 21 3632 p
234 3465 316 3529 Tum
340 3464 498 3549 Sulpicius
520 3456 609 3545 ‘quid
631 3462 750 3546 igitur?
773 3453 940 3547 patiemur³
963 3457 1067 3538 inquit
1082 3451 1171 3523 ‘Cae
1189 3487 1239 3536 231

136 3585 243 3650 sarem,
268 3569 322 3650 qui
353 3587 544 3650 quamquam
569 3567 683 3632 Crasso
712 3565 845 3631 facetias
876 3558 1031 3641 concedit,
1063 3568 1171 3627 tamen

138 3671 229 3737 multo
252 3672 286 3736 in
310 3691 347 3737 eo
371 3671 474 3737 studio
502 3671 604 3753 magis
634 3671 703 3754 ipsc
734 3669 883 3746 elaborat,
914 3681 979 3726 non
1011 3665 1172 3749 explicare

104 3839 108 3848 ,
137 3776 223 3842 nobis
246 3782 347 3842 totum
369 3795 471 3860 genus
493 3774 553 3839 hoo
575 3773 702 3839 iocandi
725 3772 818 3854 quale
842 3769 882 3834 sit
910 3768 942 3829 et
969 3766 1056 3902 upde
1078 3767 1172 3834 duca-

982 3874 997 3921 a
