2834 4110
315 226 477 280 nlenten.
502 226 709 282 centa-m.
735 227 909 289 sero-321.
1072 207 1133 271 155

95 400 256 465 venustati
278 400 329 464 vel
357 399 495 464 maxime
526 400 666 465 serviant
697 405 728 462 et
756 398 886 480 reliquis
917 397 1038 461 viribus
1068 396 1133 461 suis

96 503 269 568 consulant.
315 523 374 567 nee
397 509 445 568 est
468 502 598 568 dubium
629 501 706 584 quin
730 500 894 567 exordium
925 497 1052 564 dicendi
1083 519 1134 564 ve·
1153 511 1203 560 317

96 604 228 671 hemena
251 613 283 670 et
305 625 436 690 pugnax
466 626 531 670 non
559 625 655 689 saepe
686 623 756 669 esse
786 603 911 668 debeat.
958 601 1014 666 sed
1044 601 1071 666 si
1101 602 1135 666 in

96 708 168 792 ipso
189 710 240 775 illo
263 709 449 793 gladiatorio
472 709 557 774 vitae
581 708 763 788 certamine,
795 728 856 790 quo
879 706 962 772 ferro
996 705 1135 771 decerni-

64 817 158 892 etur,
180 820 285 878 tamen
307 819 383 877 ante
414 832 618 895 congressum
643 809 745 875 'multa
774 811 854 875 fiunt
884 829 965 893 quae
997 829 1059 874 non
1093 808 1134 873 ad

97 915 218 997 volnus,
249 916 306 981 sed
336 915 378 980 ad
407 916 545 1000 speeiem
575 915 683 980 valere
713 913 890 994 videantur,
923 919 1041 996 quanto
1074 912 1134 977 hoo

98 1019 199 1103 magis
221 1020 254 1084 in
277 1019 419 1085 oratione
442 1026 491 1084 est
513 1018 732 1104 spectandum,
755 1018 789 1082 in
805 1038 869 1099 qua
884 1039 949 1083 non
964 1017 1014 1082 vis
1028 1016 1134 1100 potius

98 1142 191 1203 quarn
213 1122 382 1188 delectatio
405 1123 596 1207 postulatur!
621 1121 701 1186 nihil
725 1128 773 1186 est
795 1121 934 1202 denique
965 1120 999 1184 in
1022 1126 1136 1185 natura

98 1244 199 1290 rerum
222 1226 362 1291 omnium
397 1224 481 1308 quod
513 1245 547 1290 se
577 1225 761 1290 universum
793 1223 965 1308 profundat
995 1229 1027 1287 et
1050 1221 1135 1304 quod

54 1341 83 1385 10
101 1334 197 1394 totum
220 1335 351 1414 repente
375 1329 511 1394 evolvat.
557 1329 602 1393 sio
630 1328 737 1394 omnia
768 1348 850 1410 quae
880 1328 960 1392 fiunt
990 1346 1135 1409 quaeque

99 1440 233 1516 aguntur
254 1433 408 1498 acerrime
429 1433 602 1498 lenioribus
624 1431 790 1516 principiis
812 1438 927 1496 natura
949 1432 1022 1514 ipsa
1048 1450 1135 1515 prae-

99 1537 205 1602 texuit.
252 1536 332 1601 haeo
353 1543 461 1601 autem
483 1537 516 1600 in
539 1535 674 1600 dicendo
691 1556 754 1600 non
771 1536 967 1601 extrinsecus
988 1534 1136 1600 alicunde
1154 1548 1204 1596 318

100 1639 287 1720 quaerenda,
311 1638 368 1705 sed
391 1659 432 1703 ex
455 1638 534 1723 ipsis
556 1639 733 1704 visceribus
748 1658 863 1703 causae
880 1637 1035 1704 sumenda
1051 1633 1133 1703 sunt.

98 1742 210 1809 idcireo
245 1749 312 1808 tota
345 1762 442 1808 causa
474 1749 688 1827 pertemptata
721 1749 816 1824 atque
847 1747 1024 1826 perspecta,
1058 1741 1136 1806 locis

53 1849 241 1912 nomnibus
264 1847 404 1912 inventis
426 1855 521 1928 atque
544 1846 706 1912 instructis
728 1843 994 1911 considerandum
1011 1851 1059 1909 est
1073 1864 1136 1925 quo

99 1951 248 2036 principio
272 1951 313 2016 sit
335 1950 495 2015 utendum.
535 1953 580 2016 sio
605 1957 636 2014 et
658 1949 751 2014 facile
778 1949 989 2032 reperientur:
1014 1967 1135 2013 sumen·
1154 1963 1205 2011 319

99 2059 144 2119 tur
167 2055 252 2119 enim
276 2075 317 2120 ex
340 2055 380 2120 iis
402 2055 497 2120 rebus
520 2074 601 2137 quae
625 2060 716 2118 erunt
738 2053 915 2118 uberrimae
945 2051 998 2115 vel
1027 2052 1061 2116 in
1088 2072 1136 2116 ar-

98 2158 252 2239 gumentis
274 2158 326 2222 vel
349 2158 382 2222 in
405 2158 443 2223 iis
466 2158 610 2242 partibus
633 2157 675 2221 ad
698 2177 778 2238 quas
800 2155 869 2219 dixi
884 2154 1018 2237 degredi
1038 2174 1135 2238 saepe

98 2268 254 2346 oportere,
278 2262 355 2327 item
379 2267 411 2326 et
433 2263 584 2327 momenti
611 2260 732 2344 aliquid
759 2258 914 2342 adferent,
944 2278 1015 2323 cum
1044 2265 1136 2323 erunt

52 2371 82 2420 20
98 2384 196 2446 paene
221 2385 261 2430 ex
284 2364 397 2430 intima
419 2364 606 2432 defensione
629 2363 827 2449 deprompta,
851 2369 883 2427 et
905 2362 1074 2446 apparebit
1096 2384 1135 2429 ea

97 2487 156 2532 non
179 2467 272 2534 modo
295 2488 358 2533 non
383 2487 453 2534 esse
476 2468 657 2534 communia
679 2488 739 2533 neo
761 2469 794 2532 in
817 2467 897 2531 alias
913 2487 1026 2532 causas
1041 2487 1135 2551 posse

97 2572 265 2654 transferri,
300 2572 357 2638 sed
384 2574 512 2657 penitus
535 2593 576 2639 ex
608 2592 648 2636 ea
678 2592 775 2668 causa
805 2593 886 2654 quae
920 2579 988 2637 tum
1021 2581 1135 2656 agatur

97 2675 277 2742 efflomisse.

196 2779 297 2844 Omne
320 2786 426 2845 autem
449 2778 642 2864 principium
664 2786 719 2845 aut
741 2780 787 2845 rei
810 2780 907 2844 totius
922 2799 1006 2861 quae
1020 2786 1134 2863 agetur
1153 2752 1204 2874 ἐξ)

52 2887 81 2939 25
98 2882 354 2965 significationem
378 2884 496 2949 babere
527 2883 658 2949 debebit
687 2891 742 2948 aut
779 2882 901 2948 aditum
931 2882 973 2948 ed
1004 2903 1137 2949 causam·

98 2992 126 3050 et
146 2988 424 3053 communitionem
454 2994 510 3052 aut
542 2986 703 3068 quoddam
734 2994 955 3053 ornamentum
980 2995 1011 3054 et
1034 2987 1134 3072 digni-

97 3095 197 3156 tatern.
244 3092 301 3158 sed
324 3099 456 3176 oportet,
480 3098 515 3156 ut
537 3090 671 3156 aedibus
693 3111 732 3154 ac
761 3091 888 3175 templis
915 3092 1074 3158 vestibula
1102 3097 1134 3156 et

96 3194 204 3279 aditus,
228 3196 274 3262 sie
297 3197 401 3262 causis
425 3195 582 3281 principia
610 3215 667 3278 pro
698 3195 841 3278 portione
871 3215 976 3260 rerum
1004 3214 1148 3278 praepo·¹

96 3319 175 3366 nere.
220 3301 329 3383 itaque
352 3301 386 3365 in
409 3298 517 3384 parvis
545 3304 642 3381 atque
671 3298 927 3381 infrequentibus
959 3298 1062 3364 causis
1092 3295 1133 3361 ab

53 3408 80 3456 30
94 3402 159 3486 ipsa
187 3426 222 3470 re
253 3414 301 3472 est
329 3403 468 3472 exordiri
499 3422 595 3486 saepe
626 3403 828 3468 commodius.
876 3401 933 3468 sed
968 3421 1040 3467 oum
1074 3399 1134 3466 erit
1153 3412 1204 3460 321

93 3508 240 3574 utendum
271 3509 437 3594 principio,
466 3504 550 3587 quod
587 3506 772 3591 plerumque
811 3505 879 3585 erit,
914 3512 970 3569 aut
1004 3523 1046 3567 ex
1080 3523 1133 3567 reo

93 3619 142 3676 aut
164 3633 205 3678 ex
229 3612 413 3678 adversario
436 3615 491 3674 aut
515 3629 555 3673 ex
580 3628 613 3673 re
636 3617 691 3674 aut
715 3629 755 3674 ex
779 3608 825 3673 eis
847 3606 933 3690 apud
958 3626 1037 3690 quos
1060 3625 1132 3689 age-

94 3719 139 3780 tur
160 3718 337 3784 sententias
360 3715 433 3780 duci
455 3713 571 3777 licebit.
618 3735 659 3779 ex
683 3733 736 3778 reo
760 3751 801 3758 —
823 3730 894 3776 reos
910 3709 1037 3796 appello
1059 3717 1133 3793 quoss

94 3839 157 3884 rum
191 3841 242 3886 res
270 3827 318 3887 est
348 3858 390 3867 -
421 3837 501 3900 quae
533 3816 712 3900 significent
746 3817 864 3880 bonum
899 3814 1013 3894 virum,
1049 3831 1132 3898 quae
