2836 4114
280 195 344 260 216
484 209 894 267 LIBER111.0AP.44-45‚
929 216 944 276 s
963 213 1108 268 rra-177.

280 392 407 453 nostrae
429 406 533 469 neque
561 385 760 451 librariorum
784 385 876 467 notis,
907 383 965 451 sed
994 386 1162 451 verborum
1190 391 1222 450 et
1248 404 1317 450 sen-

280 491 449 558 tentiarum
482 489 577 556 modo
606 489 824 574 interpunctas
858 489 1014 555 clausulas
1050 489 1084 554 in
1108 488 1318 555 ‚orationibus

281 615 351 661 esse
373 594 556 678 voluerunt3
579 592 675 676 idque
703 593 852 678 princeps
882 594 1038 659 Isocrates
1060 591 1237 660 instituisse
1259 592 1321 658 fer-

280 704 340 780 tur,
370 703 405 764 ut
434 697 629 764 inconditam
657 697 861 780 antiquorum
894 696 1022 762 dicendi
1056 695 1320 763 consuetudinem

281 800 499 868 delectationis
521 806 616 884 atque
631 801 754 866 aurium
770 821 876 883 causa,
900 821 994 883 quern
1008 801 1051 865 ad
1065 799 1193 866 modum
1210 800 1322 866 scribit
1340 811 1360 860 5

214 923 263 973 174
281 905 452 990 discipulus
475 905 543 972 cius
565 906 750 987 Naucrates,
774 906 913 972 numeris
935 905 1134 990 astringeret.
1179 924 1321 988 namque

280 1010 361 1076 haec
383 1009 445 1076 duo
467 1010 590 1092 musici,
614 1009 782 1092 quierant
805 1009 965 1092 quondam
989 1009 1092 1075 eidem
1107 1015 1231 1094 poetae,
1256 1028 1321 1073 ma-

282 1113 401 1179 chinati
422 1113 464 1179 ad
486 1115 684 1199 voluptatem
715 1119 799 1196 sunt,
828 1134 956 1180 versum
987 1121 1084 1197 atque
1114 1118 1252 1195 cantum,
1285 1119 1322 1178 ut

283 1224 314 1283 θῖ
335 1219 503 1284 verborum
525 1237 656 1284 numero
687 1224 719 1282 et
746 1238 860 1284 vocum
887 1217 980 1283 modo
1010 1217 1219 1284 delectatione
1253 1217 1323 1282 vin-

283 1328 390 1387 cerent
410 1322 533 1387 aurium
556 1321 734 1387 satietatem
757 1360 799 1369 —
822 1322 903 1387 haec
924 1321 1021 1406 igitur
1042 1321 1115 1403 duo,
1138 1321 1228 1387 vocis
1249 1320 1323 1386 dico
1344 1333 1383 1381 10

282 1425 529 1491 moderationem
552 1431 584 1491 θῖ
605 1426 774 1492 verborum
797 1426 1041 1506 conclusionem,
1072 1423 1176 1508 quoad
1207 1426 1323 1490 oratio

283 1531 331 1596 nis
354 1531 506 1596 severitas
528 1529 595 1614 pati
617 1536 732 1614 posset,
757 1550 777 1595 a
798 1530 924 1614 poetica
954 1529 996 1594 ad
1020 1529 1232 1612 eloquentiam
1260 1535 1323 1594 tra-

216 1649 264 1698 175
283 1633 429 1700 ducenda
442 1633 612 1699 duxerunt.
658 1634 692 1699 in
715 1655 777 1717 quo
798 1633 876 1698 illud
892 1641 941 1700 est
955 1633 1007 1699 vel
1021 1633 1205 1716 maximum,
1222 1633 1322 1716 quod,

282 1757 393 1804 versus
421 1737 455 1803 in
486 1739 627 1803 oratione
658 1737 686 1803 si
717 1737 852 1803 eflicitur
886 1737 1105 1804 coniunctione
1138 1737 1321 1820 verborum,

282 1842 395 1909 vitium
418 1848 475 1924 est,
498 1847 660 1908 ettamen
692 1862 762 1908 eam
790 1842 1042 1908 coniunctionem
1070 1841 1161 1907 sicuti
1191 1861 1322 1908 versum
1343 1860 1380 1907 na

283 1966 448 2012 numerose
471 1945 584 2011 cadere
608 1953 638 2011 et
660 1945 816 2028 quadrare
839 1952 870 2010 et
885 1945 993 2030 perfici
1014 1945 1168 2010 volumus.
1214 1965 1321 2028 neque

284 2056 331 2115 est
354 2069 395 2114 ex
417 2049 524 2115 multis
545 2069 596 2114 res
619 2069 683 2114 una
706 2069 787 2133 quae
810 2050 913 2134 magis
936 2055 1092 2116 oratorem
1115 2049 1155 2113 ab
1172 2049 1320 2133 imperito

284 2153 410 2220 dicendi
431 2154 606 2238 ignaroque
629 2153 813 2239 distinguat,
838 2173 932 2236 quarn
963 2153 1048 2236 quod
1077 2153 1130 2218 ille
1156 2152 1245 2219 rudis
1274 2155 1321 2218 in·

284 2258 409 2325 condite
431 2257 536 2323 fundit
559 2255 721 2346 [quantum
743 2256 856 2344 potest]
882 2263 913 2322 et
936 2256 969 2320 id
991 2255 1075 2339 quod
1097 2256 1174 2322 dicit
1196 2256 1319 2341 spiritu,

283 2383 347 2428 non
369 2367 437 2428 arte
459 2362 659 2456 determinat,
683 2369 788 2428 orator
810 2368 917 2426 autem
939 2361 985 2427 sic
999 2361 1112 2446 inligat
1127 2361 1321 2427 sententiam
1342 2379 1378 2428 20

283 2466 398 2548 verbis,
421 2472 458 2531 ut
480 2486 551 2531 eam
573 2486 703 2532 numero
727 2465 865 2549 quodam
889 2465 1114 2549 complectatur
1137 2470 1168 2530 et
1189 2464 1320 2532 astricto

215 2585 264 2633 176
284 2578 315 2636 θῖ
337 2570 447 2636 soluto.
492 2591 567 2635 narn
590 2591 662 2635 curn
685 2570 790 2635 vinxit
813 2569 916 2636 forma
939 2575 970 2634 et
997 2568 1109 2651 modis,
1141 2568 1265 2634 relaxat
1289 2575 1322 2634 et

282 2676 396 2741 liberat
417 2674 635 2740 immutatione
658 2673 787 2757 ordinis,
810 2681 846 2740 ut
867 2675 967 2740 verba
981 2693 1085 2757 neque
1099 2672 1241 2758 adligata
1256 2673 1323 2740 sint

284 2779 372 2863 quasi
397 2785 482 2844 certa
503 2779 610 2861 aliqua
632 2778 703 2864 lege
726 2798 837 2845 versus
866 2797 971 2861 neque
993 2779 1038 2842 ita
1059 2778 1171 2859 soluta,
1202 2784 1237 2843 ut
1268 2798 1322 2842 va·

220 2892 257 2947 45
282 2889 404 2969 gantur.
451 2903 587 2966 quonam
610 2883 707 2968 igitur
729 2882 822 2948 modo
844 2888 968 2948 tanturn
990 2902 1104 2947 munus
1126 2881 1319 2965 insistemus,
1342 2907 1375 2955 25

282 2994 316 3054 ut
339 2988 526 3054 arbitremur
548 3007 606 3053 nos
628 2987 712 3052 hanc
736 2987 801 3052 vim
824 3006 990 3053 numerose
1013 2984 1140 3051 dicendi
1167 2987 1322 3068 consequi

283 3092 401 3177 posse?
424 3113 488 3158 non
511 3097 559 3158 est
580 3111 633 3157 res
655 3097 720 3157 tarn
743 3090 881 3156 difficilis
904 3110 999 3172 quam
1020 3090 1216 3175 necessaria;
1240 3090 1322 3157 nihil

284 3204 332 3263 est
355 3197 439 3262 enim
461 3202 527 3261 tam
550 3202 693 3261 tenerum
716 3216 819 3279 neque
842 3202 908 3261 tarn
930 3194 1070 3260 flexibile
1100 3214 1205 3277 neque
1235 3196 1322 3278 quod

217 3307 349 3366 urtam
372 3300 466 3366 facile
488 3306 638 3383 sequatur
660 3320 857 3383 quocumque
880 3299 978 3365 ducas
1000 3319 1094 3382 quam
1123 3298 1231 3363 oratio.
1279 3319 1322 3364 ex

284 3405 344 3470 hac
366 3425 485 3487 versus,
510 3425 552 3470 ex
575 3403 688 3470 eadem
712 3404 854 3489 dispares
876 3403 1000 3469 numeri
1022 3402 1246 3488 conficiuntur;
1278 3423 1321 3469 ex
1341 3425 1374 3474 ao

285 3509 345 3573 hac
366 3508 447 3574 haec
469 3509 565 3574 etiam
589 3509 690 3574 soluta
721 3508 819 3573 variis
845 3506 948 3573 modis
974 3507 1205 3590 multorumque
1227 3526 1323 3591 gene-

284 3632 354 3676 rum
376 3612 484 3677 oratio.
530 3633 593 3677 non
618 3611 702 3676 enirn
726 3618 799 3677 sunt
821 3611 884 3677 alia
906 3610 1070 3693 sermonis,
1100 3611 1165 3675 alia
1192 3616 1320 3676 conten-

285 3715 379 3781 tionis
400 3715 509 3796 verba,
532 3734 636 3798 neque
660 3735 701 3780 ex
723 3715 786 3780 alio
808 3734 925 3799 genere
947 3714 989 3780 ad
1004 3735 1095 3781 usum
1115 3713 1319 3798 cotidianum,

285 3818 346 3882 alio
368 3816 411 3882 ad
432 3837 579 3883 scaenam
602 3839 814 3904 pompamque
837 3825 1017 3906 sumuntur,
1042 3819 1098 3885 sed
1115 3839 1153 3884 ea
1167 3839 1225 3885 nos
1249 3839 1319 3885 cum
