2836 4114
290 201 351 264 186
511 217 623 271 uranu
636 218 686 272 111.
713 216 794 271 oAP.
823 219 932 272 rr-ra
957 219 1096 280 soa-oc.

287 391 409 475 pliciter
432 389 653 472 defenderunt,
685 390 718 454 hi
742 391 796 472 qui
827 410 912 454 nunc
942 390 1104 473 voluptate
1136 389 1246 455 omnia
1269 411 1338 455 me·

287 495 415 575 tiuntur,
439 493 514 558 dum
538 493 749 560 verecundius
780 493 813 557 id
844 499 952 578 agunt,
984 512 1042 556 nec
1070 491 1221 575 dignitati
1254 494 1338 558 satis

287 598 418 680 faciunt,
443 619 538 682 quam
560 619 624 664 non
647 603 869 682 aspernantur,
893 616 952 661 nec
971 596 1168 680 voluptatem
1191 602 1337 678 tuentur,

288 722 383 784 quam
406 701 581 786 amplexari
604 702 721 766 volunt.
767 700 896 765 fuerunt
918 700 1013 764 etiam
1036 699 1099 762 alia
1120 719 1242 781 genera
1264 700 1337 784 phi-

287 805 498 889 losophorum,
523 804 576 886 qui
600 823 634 869 se
657 823 767 869 omnes
790 803 857 868 fere
881 802 1057 868 Socraticos
1081 821 1151 868 esse
1167 801 1335 884 dicebant,
1357 814 1372 861 5

287 908 499 973 Eretricorum
521 908 699 972 Erilliorum
723 906 951 989 Megaricorum
975 904 1250 991 Pyrrhoneorum;
1275 906 1337 972 sed

288 1031 326 1076 ea
348 1011 460 1076 horum
482 1011 515 1075 vi
546 1018 577 1076 et
599 1010 867 1096 disputationibus
899 1017 972 1076 sunt
1002 1008 1143 1074 iamdiu
1174 1009 1278 1075 fracta
1303 1017 1338 1075 et

236 1126 268 1174 63
288 1111 439 1179 extincta.
487 1135 527 1179 ex
551 1115 612 1180 illis
635 1122 743 1179 autem
766 1134 851 1196 quae
872 1120 1039 1180 remanent
1065 1132 1104 1178 ea
1127 1112 1338 1198 philosophia
1407 1193 1408 1200 ἵ

289 1237 370 1299 quae
393 1218 531 1300 suscepit
561 1218 771 1302 patrocinium
800 1211 983 1302 uoluptatis,
1015 1216 1075 1282 etsi
1105 1217 1156 1281 cui
1186 1236 1266 1281 vera
1289 1218 1336 1282 vi-

288 1320 408 1400 deatur,
433 1321 540 1404 procul
563 1322 653 1386 abest
676 1329 783 1386 tamen
806 1323 846 1387 ab
870 1343 908 1387 eo
931 1321 999 1385 viro
1022 1341 1117 1402 quem
1148 1321 1337 1402 quaerimus
1359 1332 1390 1378 ¹0

288 1430 319 1489 et
342 1443 435 1505 quem
457 1430 616 1488 auctorem
647 1425 765 1508 publici
789 1424 912 1490 consilii
942 1432 973 1488 et
996 1422 1157 1507 regendae
1189 1424 1336 1489 civitatis

287 1525 401 1591 ducem
425 1533 457 1591 et
479 1527 657 1593 sententiae
680 1534 776 1609 atque
801 1527 1001 1610 eloquentiae
1024 1526 1202 1611 principem
1226 1527 1260 1590 in
1285 1548 1336 1592 se·

287 1638 372 1710 natu,
396 1630 430 1693 in
452 1631 578 1714 populo,
609 1630 642 1695 in
673 1630 776 1695 causis
806 1630 942 1714 publicis
975 1630 1222 1694 essevolumus.
1270 1651 1337 1696 nee

287 1735 350 1799 ulla
381 1740 487 1798 tamen
518 1734 547 1799 ei
578 1733 799 1818 philosophiae
829 1732 883 1798 fiet
916 1733 1032 1797 iniuria
1062 1753 1082 1796 a
1112 1733 1214 1798 nobis.
1265 1755 1336 1800 non

287 1839 372 1903 enim
395 1839 563 1922 repelletur
587 1837 662 1902 inde
686 1858 747 1920 quo
770 1836 904 1921 adgredi
928 1837 1042 1921 cupiet,
1067 1836 1124 1902 sed
1145 1837 1179 1900 in
1195 1837 1336 1903 hortulis
1357 1848 1388 1895 15

288 1942 429 2024 quiescet
452 1942 526 2022 suis,
550 1942 604 2006 ubi
635 1942 709 2021 volt,
740 1941 794 2006 ubi
826 1941 922 2006 etiam
952 1941 1109 2005 recubans
1139 1941 1274 2006 molliter
1302 1949 1336 2008 et

287 2043 422 2110 delicate
445 2065 502 2110 nos
525 2051 638 2111 avocat
661 2065 681 2108 a
704 2045 821 2125 rostris,
844 2064 864 2107 a
886 2043 1022 2124 iudiciis,
1046 2065 1066 2108 a
1088 2044 1175 2108 curia
1204 2081 1246 2091 —
1268 2044 1336 2110 for-

235 2162 268 2211 64
287 2155 371 2215 tasse
395 2149 563 2233 sapienter,
588 2149 648 2213 hac
671 2148 857 2233 praesertim
887 2168 921 2212 re
944 2148 1081 2231 publica.
1127 2167 1237 2212 verum
1269 2168 1335 2233 ego

287 2274 350 2318 non
381 2273 497 2334 quaero
528 2273 613 2317 nunc
644 2273 725 2335 quae
756 2253 796 2317 sit
829 2251 1029 2336 philosophia
1062 2251 1237 2332 verissima,
1273 2254 1335 2318 sed

287 2377 368 2438 quae
391 2358 504 2422 oratori
528 2358 695 2422 coniuncta
718 2357 866 2421 maxime.
913 2376 976 2438 qua
1005 2377 1039 2421 re
1061 2356 1140 2421 istos
1167 2356 1235 2420 sine
1264 2358 1335 2422 ulla
1354 2366 1387 2412 20

287 2453 477 2525 contumelia
498 2459 711 2544 dimittamus;
735 2467 808 2525 sunt
831 2460 915 2525 enim
940 2467 971 2524 et
994 2460 1069 2525 boni
1099 2459 1159 2525 viri
1182 2466 1223 2540 et,
1255 2481 1335 2542 quo-

286 2562 369 2626 niam
395 2563 456 2628 sibi
478 2564 522 2627 ita
545 2562 703 2642 videntur,
727 2563 830 2646 beati3
862 2570 1048 2644 tantumque
1079 2583 1133 2629 eos
1161 2561 1335 2629 admonea-

286 2686 366 2747 mus,
400 2673 435 2731 ut
468 2666 554 2748 illud,
586 2666 710 2731 etiamsi
742 2667 782 2731 sit
813 2667 1022 2747 verissimum,
1054 2667 1184 2732 tacitum
1219 2672 1333 2734 tamen

220 2772 223 2778 '
285 2778 448 2852 tamquam
471 2770 657 2854 mysterium
679 2777 819 2852 teneant,
844 2770 927 2853 quod
949 2778 1069 2854 negant
1091 2771 1212 2837 versari
1236 2771 1271 2836 in
1297 2793 1333 2838 re

286 2873 414 2958 publica
437 2893 508 2940 esse
531 2873 699 2958 sapientis..
740 2895 814 2938 nam
838 2875 864 2940 si
886 2874 947 2940 hoc
970 2875 1062 2939 nobis
1084 2880 1179 2956 atque
1209 2876 1333 2959 optimo
1353 2885 1385 2931 '25

286 2977 399 3059 cuique
416 2977 646 3065 persuaserint,
669 2998 733 3043 non
755 2984 903 3063 poterunt
926 2978 986 3062 ipsi
1011 2997 1090 3059 esse,
1107 2976 1140 3041 id
1157 2977 1242 3059 quod
1266 3000 1333 3044 ma-

286 3080 371 3145 xime
395 3081 534 3164 cupiunt,
559 3081 659 3148 otiosi.
707 3081 827 3147 Stoicos
857 3087 973 3161 autem,
1005 3101 1084 3162 quor
1114 3079 1245 3145 minime
1275 3082 1332 3146 im-

285 3185 393 3269 probo,
425 3183 547 3250 dimitto
578 3191 684 3249 tamen
719 3203 778 3249 nec
812 3203 865 3248 cos
896 3184 992 3248 iratos
1021 3203 1142 3264 vereor,
1178 3185 1331 3265 quoniam

285 3288 413 3354 omnino
436 3287 529 3353 irasci
552 3287 713 3371 nesciunt;
738 3293 834 3368 atque
864 3286 948 3352 hanc
978 3287 1028 3352 his
1052 3286 1154 3352 habeo
1181 3288 1330 3370 gratiam,

285 3391 369 3473 quod
392 3393 450 3459 soli
474 3413 515 3458 ex
538 3391 685 3456 omnibus
708 3391 923 3473 eloquentiam
954 3391 1104 3455 virtutem
1134 3409 1172 3454 ac
1204 3392 1329 3475 sapien·
1348 3403 1381 3449 30

284 3494 361 3558 tiam
385 3515 455 3560 esse
477 3494 635 3560 dixerunt.
683 3492 739 3558 sed
762 3499 931 3575 utrumque
954 3500 1002 3558 est
1025 3494 1057 3558 in
1080 3492 1140 3574 his,
1169 3493 1254 3575 quod
1288 3497 1329 3562 ab

285 3594 344 3659 hoc
368 3616 462 3677 quem
485 3596 669 3661 instruimus
693 3603 816 3660 oratore
839 3594 934 3660 valde
957 3596 1143 3662 abhorreat:
1168 3596 1219 3662 vel
1245 3599 1331 3679 quod

284 3717 403 3778 omnes,
439 3700 493 3780 qui
524 3700 685 3783 sapientes
717 3720 781 3764 non
813 3699 885 3781 sint,
918 3719 1026 3764 servos
1058 3701 1197 3766 latrones
1220 3699 1330 3769 hostes

282 3799 412 3864 insanos
436 3820 505 3866 esse
535 3801 654 3882 dicunt,
686 3821 790 3883 neque
821 3807 928 3866 tamen
960 3822 1151 3885 quemquam
1182 3823 1254 3870 esse
1283 3826 1330 3872 sa-

232 3054 266 3108 18

233 3129 265 3176 65
