2836 4114
247 218 310 282 228
452 237 564 290 urana
582 237 633 291 111.
653 237 736 292 oar.
754 242 865 294 rsa-ss.
895 242 1074 303 saro-219.

247 417 341 475 aonta
362 411 479 496 gravis,
503 412 565 476 nita
588 411 688 493 tarda,
705 434 823 497 magna
837 435 950 498 parva;
975 435 1056 497 quas
1071 420 1180 480 tamen
1204 417 1292 480 inter

248 516 350 580 omnis
373 523 421 580 est
443 536 499 582 suo
523 536 647 599 quoque
669 516 702 581 in
725 537 844 601 genere
859 517 1036 584 medioorls.
1075 525 1173 600 atque
1190 519 1291 584 etiam

249 618 302 683 illa
325 620 460 684 suntab
491 619 540 684 his
570 619 701 704 delapsa
731 621 821 704 plura
850 642 986 705 genera:
1020 623 1093 687 lene
1127 642 1291 706 asperum,

249 728 443 788 contractum
467 722 625 804 diffusum,
657 725 829 789 continenti
860 723 971 809 spiritu
994 726 1184 806 intermisso,
1209 726 1292 792 fraa-

179 839 228 885 arr
248 833 315 891 tum
349 827 491 908 scissum,
522 827 607 892 flexo
631 847 707 893 sono
731 834 938 893 extenuatum
965 828 1118 894 inflatum.
1165 831 1293 894 nullum
1314 847 1329 892 s

249 937 297 996 est
319 931 403 996 enim
427 931 537 997 horum
558 953 711 1016 generum
735 931 820 1014 quod
838 927 906 1007 ⁴non
928 940 996 998 arte
1010 952 1049 998 ao
1069 932 1293 1000 moderatione

249 1041 406 1102 tractetur.
452 1036 486 1099 hi
509 1043 582 1101 sunt
603 1036 711 1118 autori,
736 1043 770 1102 ut
793 1036 915 1121 pletori,
940 1037 1077 1121 expositi
1099 1036 1141 1101 ad
1163 1037 1294 1103 varian-

189 1145 225 1198 58
248 1139 324 1204 dum
354 1142 481 1207 oolores.
526 1139 614 1206 aliud
648 1142 733 1206 enim
768 1142 855 1206 vocis
890 1161 992 1224 genus
1025 1140 1192 1206 iracundia
1228 1143 1293 1208 sibi

249 1251 365 1310 sumat:
389 1251 527 1326 acutum,
550 1245 724 1326 incitatum,
748 1247 857 1311 crebro
880 1244 1041 1309 incidens:

291 1372 378 1452 ipsus
401 1367 542 1432 hortatur
564 1388 615 1432 me
637 1367 736 1433 frater
757 1370 791 1431 dt
814 1387 901 1432 meos
924 1367 1015 1431 malls
1038 1366 1133 1430 miser
1316 1387 1347 1432 ιο

293 1471 476 1537 mandarem
499 1477 611 1537 natos
627 1524 633 1535 .
649 1524 655 1535 .
671 1524 676 1535 .

250 1584 281 1642 et
303 1597 341 1641 ea
363 1596 445 1658 quae
468 1582 502 1640 tu
525 1575 654 1657 dudum,
678 1576 805 1656 Antoni,
829 1575 1002 1659 protulisti:

292 1684 460 1764 segregare
483 1679 541 1745 abs
563 1686 595 1744 te
617 1681 724 1744 arisn's
739 1732 744 1743 .
760 1731 766 1742 .
782 1731 788 1743 .
805 1732 810 1743 .

249 1792 280 1851 et
290 1811 297 1849 z

293 1891 400 1972 ecquis
423 1889 483 1954 hoo
505 1887 754 1954 animadvortit?
778 1889 915 1952 vincite.
933 1939 938 1950 .
954 1939 982 1952 ..
1315 1906 1347 1952 15

250 2002 281 2061 et
304 1996 419 2060 Atreus
440 1994 507 2058 fere
530 1999 623 2058 totns.
668 1978 756 2056 alind
783 1992 943 2058 miseratio
973 2011 1011 2056 ao
1034 2011 1170 2057 maeror:
1201 1992 1293 2058 flexi·

249 2100 322 2180 bile,
347 2100 484 2184 plenum,
508 2099 727 2181 interruptum}
751 2095 849 2178 flebili
872 2116 967 2161 voce:

294 2243 355 2306 quo
378 2223 535 2286 minume
557 2218 710 2284 vortam?
734 2217 818 2301 quod
841 2216 900 2282 iter
923 2217 1071 2300 incipiam
1094 2217 1247 2300 ingredi?

294 2327 422 2392 domum
444 2323 679 2410 patemamne?
703 2327 786 2388 anne
810 2321 851 2386 ad
874 2320 981 2386 Peliae
1004 2321 1115 2386 illias?

251 2439 282 2497 et
304 2431 375 2495 illa:

294 2539 433 2619 opater,
457 2556 474 2598 o
498 2535 609 2618 patria,
633 2555 651 2599 o
674 2532 790 2596 Priami
814 2529 939 2596 domus!

252 2647 283 2704 et
306 2660 387 2722 quae
411 2645 600 2721 sequuntur:

295 2760 375 2824 haeo
398 2759 504 2824 omnia
526 2757 612 2823 videi
635 2757 853 2836 inflammaret,

294 2863 420 2928 Priamo
442 2863 475 2927 vi
498 2862 596 2926 vitam
621 2861 761 2926 evitarei.

183 2995 232 3042 218
251 2983 337 3049 alind
360 2989 479 3048 metus:
504 2982 674 3048 demissum
698 2987 729 3046 et
752 2979 914 3045 haesitans
937 2983 968 3043 et
991 2977 1166 3042 abiectum:
1311 2995 1345 3040 as

295 3105 401 3171 multis
431 3125 499 3170 snm
529 3102 896 3180 modis'oiroumventus,
928 3100 1038 3164 morbo
1068 3096 1163 3162 exilio
1193 3104 1291 3182 atque

733 3204 850 3289 inopia.

296 3316 362 3377 trim
378 3334 476 3397 pavor
492 3311 681 3396 sapientiam
696 3328 822 3373 omnem
838 3307 881 3371 mi
894 3306 1077 3371 exanimato
1089 3307 1289 3391 expertorum

296 3420 396 3480 mater
419 3417 592 3481 terribilem
622 3413 762 3476 minatur
793 3416 878 3477 vitae
908 3409 1080 3476 ernoiatum
1112 3411 1143 3473 et
1166 3429 1289 3492 necem,

296 3521 378 3599 qnae
401 3539 494 3582 nemo
518 3524 565 3583 est
588 3523 654 3580 tam
677 3515 770 3579 firmo
792 3514 921 3598 ingenio
946 3519 977 3577 et
991 3516 1081 3577 tanta
1096 3511 1290 3578 confidentia
1310 3531 1343 3578 eo

297 3624 372 3700 quin
399 3619 537 3701 refugiat
564 3616 673 3682 timido
697 3636 841 3699 sanguen
863 3616 1165 3705 atqueexalbesott
1192 3622 1288 3681 metu.

185 3749 234 3795 aro
253 3737 338 3801 aliud
361 3738 426 3800 vis:
455 3744 646 3817 contentum,
669 3735 852 3815 vehemens,
883 3735 1053 3800 imminens
1082 3733 1221 3816 quadam
1245 3737 1290 3800 in·

254 3838 402 3900 citatione
424 3839 606 3919 gravitatis:
