2836 4114
275 201 336 267 188
540 219 654 272 uranu
673 219 722 272 111.
749 217 832 273 oAP.
848 221 888 274 ro.
913 219 1051 282 sco-73.

274 391 466 477 Appennino
488 391 663 471 fluminum,
695 391 740 456 sic
769 410 810 455 ex
842 391 999 456 communi
1031 391 1209 474 sapientiae
1242 390 1323 473 iugo
1410 427 1411 456 1

273 501 347 562 sunt
370 494 583 561 doctrinarum
605 495 692 560 facta
714 493 860 575 divortia,
891 501 926 558 ut
948 492 1128 578 philosophi
1151 499 1323 576 tamquam
1410 509 1411 520 ¹

272 599 307 663 in
330 618 477 682 superum
501 617 587 662 mare
612 594 757 684 [Ionium]
774 596 960 678 defluerent,
982 597 1138 662 Graecum
1155 595 1322 678 quoddam

274 709 305 768 et
326 708 518 786 portuosum,
549 707 689 767 oratores
718 708 824 766 autem
854 701 888 764 in
909 700 1046 766 inferum
1073 698 1142 780 hoo,
1175 701 1322 765 Tuscum

274 812 305 870 et
327 805 507 885 barbarum,
539 804 739 888 scopulosum
768 811 863 886 atque
894 803 1044 869 infestum
1066 804 1262 884 laberentur,
1287 804 1359 867 inu

222 919 255 967 ⁷0
274 929 335 990 quo
359 909 455 973 etiam
478 908 546 992 ipse
562 907 673 973 Ulixes
689 914 834 973 errasset.
875 927 939 989 qua
954 927 997 988 re,
1015 908 1042 973 si
1056 906 1117 971 hac
1132 907 1322 989 eloquentia

274 1020 370 1094 atque
392 1010 452 1077 hoc
475 1017 598 1076 oratore
622 1010 761 1076 contenti
785 1030 904 1092 sumus,
928 1011 982 1092 qui
1012 1011 1091 1076 sciat
1113 1016 1168 1074 aut
1197 1029 1322 1092 negare

274 1120 419 1199 oportere
441 1113 526 1195 quod
548 1133 692 1198 arguare,
715 1119 780 1193 aut,
805 1113 832 1178 si
854 1112 887 1177 id
911 1135 976 1178 non
991 1113 1102 1197 possis,
1126 1120 1194 1176 tum
1216 1120 1321 1178 osten·

275 1216 350 1281 dere
374 1215 457 1298 quod
487 1217 515 1281 is
538 1216 651 1282 fecerit
681 1217 735 1299 qui
757 1217 965 1298 insimuletur,
997 1224 1053 1281 aut
1081 1221 1166 1282 recte
1198 1216 1321 1282 factum
1410 1231 1411 1238 ¹

274 1326 330 1384 aut
351 1319 481 1384 alterius
504 1319 597 1402 culpa
619 1326 674 1384 aut
696 1319 812 1384 iniuria
834 1327 890 1384 aut
913 1340 954 1385 ex
970 1321 1041 1404 lege
1056 1326 1190 1384 autnon
1207 1326 1320 1385 contra
1342 1331 1379 1377 10

276 1423 380 1506 legem
402 1428 458 1487 ant
472 1421 686 1507 imprudentia
701 1430 756 1488 aut
771 1424 960 1504 necessario,
983 1429 1038 1488 aut
1053 1444 1117 1488 non
1133 1423 1320 1488 eonomine

275 1524 492 1610 usurpandum
515 1545 578 1607 quo
600 1533 760 1610 arguatur,
784 1533 926 1592 autnon
958 1527 1003 1592 ita
1032 1526 1086 1610 agi
1109 1532 1143 1590 ut
1171 1525 1321 1592 debuerit

275 1649 314 1693 ac
336 1629 480 1712 licuerit,
505 1635 545 1710 et,
570 1629 597 1694 si
613 1629 691 1694 satis
707 1648 776 1694 esse
792 1629 911 1713 putatis
926 1649 965 1694 ea
981 1649 1063 1712 quae
1077 1628 1131 1693 isti
1148 1629 1321 1712 scriptores

276 1733 352 1798 artis
375 1732 490 1798 docent
514 1731 645 1813 discere,
669 1751 751 1814 quae
782 1733 880 1796 multo
910 1738 1018 1798 tamen
1048 1732 1188 1798 ornatius
1220 1752 1321 1813 qnam
1410 1759 1411 1766 ¹

276 1836 317 1900 ab
340 1836 403 1902 illis
426 1835 573 1901 dicuntur
596 1842 627 1900 et
650 1835 778 1900 uberius
803 1835 976 1920 explicavit
999 1836 1156 1901 Antonius
1182 1873 1226 1882 -
1250 1835 1319 1916 sed,
1343 1849 1379 1895 rs

278 1939 305 2004 si
327 1939 377 2005 his
400 1940 541 2005 contenti
564 1939 640 2004 estis
663 1946 759 2020 atque
788 1938 828 2004 iis
851 1939 946 2004 etiam
969 1959 1050 2020 quae
1080 1937 1143 2002 dici
1171 1937 1320 2004 voluistis

277 2062 296 2106 a
318 2063 387 2108 me:
412 2062 453 2107 ex
476 2042 599 2126 ingenti
623 2041 758 2125 quodam
784 2048 940 2107 oratorem
962 2042 1179 2123 immensoque
1204 2061 1321 2125 campo

225 2158 256 2205 rr
276 2145 310 2208 in
333 2146 485 2230 exiguum
509 2165 586 2212 sane
608 2166 725 2230 gyrum
748 2145 944 2228 compellitis.
992 2145 1041 2210 sin
1064 2151 1205 2211 veterem
1228 2145 1320 2209 illum

276 2249 430 2314 Periclem
453 2255 507 2314 aut
530 2248 614 2314 hunc
637 2249 743 2329 etiam,
767 2249 822 2331 qui
852 2247 1037 2314 familiarior
1066 2247 1159 2312 nobis
1189 2255 1320 2331 propter

278 2353 465 2436 scriptorum
488 2352 721 2418 multitudinem
746 2358 803 2432 est,
829 2351 1076 2418 Demosthenem
1109 2351 1199 2432 sequi
1222 2351 1320 2416 voltis
1341 2366 1377 2412 ao

278 2461 309 2519 et
332 2456 360 2519 si
381 2456 468 2521 illam
490 2456 687 2539 praeclaram
711 2462 743 2520 et
766 2455 918 2520 eximiam
941 2455 1080 2539 speciem
1102 2455 1235 2519 oratoris
1252 2475 1322 2539 per-

278 2557 354 2623 fecti
378 2564 409 2623 et
431 2557 699 2643 pulchritudinem
721 2557 904 2639 adamastis,
928 2564 983 2623 aut
999 2558 1091 2624 vobis
1107 2558 1187 2622 haec
1204 2557 1322 2624 Oarne-

225 2674 257 2722 72
278 2660 352 2725 adia
374 2667 428 2726 aut
451 2661 505 2726 illa
528 2661 710 2726 Aristotelia
732 2661 781 2728 vis
806 2660 1106 2745 comprehendenda
1129 2667 1185 2726 est.
1232 2682 1322 2726 nam·
1349 2723 1352 2728 Δ

278 2783 349 2846 que,
370 2770 405 2829 ut
419 2771 495 2829 ante
518 2763 595 2846 dixi,
619 2770 743 2831 veteres
765 2765 810 2828 illi
833 2785 933 2847 usque
955 2764 998 2829 ad
1013 2764 1175 2830 Socratem
1192 2785 1322 2830 omnem

277 2868 418 2933 omnium
441 2889 555 2949 rerum,
579 2889 661 2950 quae
683 2868 844 2934 admones
859 2869 1032 2949 hominum,
1055 2887 1136 2950 quae
1152 2866 1193 2932 ad
1210 2869 1322 2950 vitam,
1344 2883 1378 2931 25

278 2991 358 3054 quae
380 2970 423 3035 ad
445 2972 604 3053 virtutem,
637 2993 719 3056 quae
747 2972 789 3037 ad
819 2993 886 3038 rem
916 2973 1076 3056 publicam
1104 2971 1321 3055 pertinebant,

278 3074 492 3159 cognitionem
515 3082 546 3140 et
569 3076 735 3142 scientiam
759 3095 831 3140 cum
847 3074 975 3140 dicendi
990 3075 1113 3140 ratione
1132 3074 1321 3158 iungebant.

277 3185 387 3263 postea
410 3177 580 3259 dissociati,
603 3186 638 3243 ut
661 3179 805 3264 exposui,
829 3199 849 3243 a
873 3179 1002 3245 Socrate
1033 3177 1142 3244 diserti
1174 3173 1323 3244 edoctis

278 3289 311 3348 et
338 3281 489 3366 deinceps
520 3303 540 3346 a
567 3283 735 3348 Socraticis
765 3283 841 3347 item
872 3281 1019 3348 omnibus
1048 3281 1230 3365 philosophi
1263 3283 1323 3348 elo·

280 3386 442 3467 quentiam
465 3385 691 3470 despexerunt,
714 3393 855 3451 oratores
878 3385 1078 3469 sapientiam,
1107 3404 1212 3466 neque
1236 3387 1321 3468 quic·
1342 3400 1375 3448 eo

280 3507 374 3568 quam
398 3509 440 3553 ex
463 3489 592 3554 alterius
614 3495 704 3571 parte
727 3489 908 3573 tetigerunt,
932 3488 993 3554 nisi
1018 3487 1102 3569 quod
1129 3488 1173 3551 illi
1201 3489 1242 3554 ab
1273 3489 1321 3555 his

179 3623 186 3635 ·
278 3596 333 3652 aut
355 3590 395 3654 ab
419 3590 481 3655 illis
504 3590 537 3654 hi
560 3595 794 3673 mutuarentur,
820 3610 860 3654 ex
884 3610 945 3671 quo
969 3591 1124 3673 promisce
1147 3590 1321 3673 haurirent,

228 3703 260 3751 73
280 3691 307 3752 si
329 3711 458 3756 manere
488 3693 522 3755 in
551 3692 686 3775 pristina
716 3693 937 3757 communione
968 3692 1151 3758 voluissent.
1199 3693 1258 3758 sed
1289 3703 1323 3762 ut

279 3791 445 3874 pontifices
468 3799 592 3860 veteres
615 3800 743 3878 propter
766 3794 991 3859 sacrificiorum
1007 3794 1244 3860 multitudinem
1268 3800 1324 3864 tris
