2836 4114
289 188 349 252 166
502 205 616 258 LIBER
628 204 665 258 II.
690 202 773 257 CAP.
788 205 899 270 88789.
924 205 1097 267 §359-363.

286 379 378 462 toris3
403 399 474 444 eam
490 378 623 461 singulis
638 379 781 463 personis
796 379 878 443 bene
893 376 1004 461 positis
1019 382 1130 440 notare
1146 395 1328 460 possumus,

285 490 320 547 ut
342 483 517 548 sententias
539 481 741 564 imaginibus,
758 479 900 546 ordinem
915 480 993 544 locis
1008 478 1326 563 comprehendamus.

216 597 267 646 300
286 605 388 668 neque
411 606 522 650 verum
544 591 593 650 est
615 583 699 665 quod
721 585 763 648 ab
786 584 940 650 inertibus
962 582 1087 663 dicitur,
1111 583 1247 667 opprimi
1263 604 1328 647 me-

285 690 417 754 moriam
440 689 614 772 imaginum
636 686 777 772 pondere
804 694 836 752 et
863 687 1025 753 obscurari
1055 687 1152 751 etiam
1179 685 1213 750 id
1241 685 1327 768 quod

286 813 342 876 per
365 811 399 856 se
421 798 537 856 natura
558 797 666 856 tenere
689 791 851 874 potuisset.
905 789 971 854 vidi
994 789 1078 854 enim
1102 809 1163 873 ego
1187 801 1367 855 summoss

286 895 430 961 homines
453 901 485 959 et
506 894 617 960 divina
638 913 737 978 prope
759 892 921 974 memoria,
944 892 1080 958 Athenis
1100 892 1327 973 Charmadam,

284 999 318 1062 in
341 998 428 1078 Asia,
452 1017 547 1079 quem
569 997 678 1062 vivere
693 996 789 1062 bodie
804 997 904 1077 aiunt,
917 997 1082 1079 Scepsium
1101 995 1328 1076 Metrodorum,

286 1120 417 1182 quorum
440 1108 573 1182 uterque
596 1106 758 1182 tamquam
780 1099 894 1165 litteris
916 1100 951 1163 iu
973 1119 1055 1180 cera,
1083 1099 1129 1164 sic
1156 1119 1192 1164 se
1219 1100 1330 1165 aiebat

285 1203 479 1286 imaginibus
512 1204 545 1266 in
575 1203 614 1267 iis
643 1203 721 1268 locis
751 1223 829 1284 quos
859 1203 992 1268 baberet
1025 1222 1108 1284 quae
1141 1203 1330 1269 meminisse

285 1306 381 1371 vellet
403 1306 607 1389 perscribere.
647 1326 710 1388 qua
732 1327 766 1371 re
781 1306 842 1370 bac
857 1306 1084 1372 exercitatione
1099 1325 1165 1370 nou
1186 1306 1331 1371 eruenda
1354 1320 1390 1368 ro

285 1410 437 1473 memoria
460 1417 517 1488 est,
542 1409 568 1474 si
592 1416 640 1474 est
662 1410 749 1474 nulla
770 1409 936 1494 naturalis,
968 1409 1025 1474 sed
1055 1416 1149 1490 certe,
1182 1411 1210 1474 si
1240 1410 1329 1490 latet,

285 1511 449 1577 evocanda
472 1520 528 1577 est.

216 1626 265 1676 361
390 1616 524 1682 Habetis
553 1636 730 1682 sermonem
760 1617 843 1681 bene
872 1616 1001 1701 longum
1033 1615 1170 1680 hominis
1205 1617 1332 1682 utinam

284 1740 349 1785 non
364 1719 573 1803 impudentist
590 1719 667 1783 illud
683 1718 811 1802 quidem
828 1726 922 1800 certe,
938 1741 1002 1785 non
1025 1719 1119 1784 nimis
1135 1720 1329 1803 verecundi;

285 1824 338 1905 qui
376 1823 504 1905 quidem
544 1844 614 1888 cum
648 1830 697 1904 te,
740 1824 869 1904 Catule,
907 1830 974 1887 tum
1007 1823 1104 1888 etiam
1141 1823 1177 1887 L.
1211 1823 1330 1889 Crasso
1355 1839 1390 1885 15

284 1925 434 1992 audiente
457 1925 497 1990 de
528 1925 655 1992 dicendi
684 1927 806 1991 ratione
837 1933 903 1992 tam
932 1927 1031 1992 multa
1065 1927 1219 2009 dixerim;
1253 1948 1330 1992 nam

284 2031 415 2096 istorum
445 2037 535 2096 aetas
565 2031 670 2095 minus
701 2051 753 2096 me
782 2031 916 2096 fortasse
947 2051 1075 2097 movere
1103 2030 1222 2096 debuit.
1271 2030 1330 2097 sed

285 2134 363 2198 mihi
386 2134 558 2217 ignoscetis
580 2133 732 2218 profecto,
756 2133 899 2198 simodo
923 2154 1006 2216 quae
1035 2154 1132 2200 causa
1162 2153 1214 2198 me
1242 2155 1330 2200 nunc

212 2275 214 2280 ·
284 2237 326 2302 ad
339 2238 422 2303 banc
435 2238 593 2303 insolitam
610 2237 688 2301 milri
703 2237 927 2318 loquacitatem
942 2237 1102 2322 impulerit
1116 2233 1329 2322 acceperitis?

215 2310 265 2434 3⁸6⁵}
284 2333 353 2407 ‘nos
376 2335 462 2407 vero'
485 2341 587 2422 inquit
610 2341 804 2406 Catulus-
827 2333 956 2405 ‘etenim
978 2361 1035 2425 pro
1058 2361 1109 2405 me
1131 2340 1193 2406 hoc
1215 2348 1249 2406 et
1272 2363 1329 2426 pro
1351 2359 1388 2406 ao

284 2463 355 2508 mec
379 2444 478 2508 fratre
501 2443 678 2527 respondeo
694 2481 737 2491 -—
759 2464 823 2508 non
846 2442 939 2510 modo
962 2444 1021 2508 tibi
1042 2444 1248 2528 ignoscimus,
1271 2445 1331 2510 sed

284 2553 316 2611 te
340 2545 502 2630 diligimus
525 2566 737 2630 magnamque
760 2548 817 2612 tibi
840 2547 995 2614 babemus
1018 2549 1170 2632 gratiam;
1200 2554 1232 2612 et
1255 2568 1329 2613 cum

284 2649 516 2714 humanitatem
540 2655 572 2713 et
594 2649 780 2715 facilitatem
802 2653 1005 2736 agnoscimus
1027 2657 1115 2715 tuam
1138 2658 1205 2716 tum
1228 2651 1328 2716 admi·

283 2773 389 2817 ramur
411 2754 506 2818 istam
530 2753 692 2818 scientiam
725 2761 756 2818 et
779 2756 913 2838 copiam.
960 2755 1108 2837 equidem
1138 2755 1236 2820 etiam
1266 2755 1328 2821 hoe

283 2876 334 2921 me
357 2856 544 2922 adsecutum
567 2864 653 2941 puto,
677 2857 762 2939 quod
784 2878 901 2942 magno
925 2879 993 2923 sum
1016 2859 1141 2924 levatus
1164 2879 1269 2924 errore
1294 2866 1327 2924 et
1347 2877 1383 2924 25

283 2959 337 3023 illa
359 2959 568 3026 admiratione
591 2961 753 3042 liberatus,
777 2961 862 3042 quod
885 2950 991 3027 multis
1014 2982 1085 3026 cum
1105 2962 1177 3026 aliis
1200 2981 1327 3045 semper

283 3061 432 3127 admirari
455 3065 595 3128 solebam
619 3064 704 3129 unde
727 3071 811 3130 esset
833 3065 998 3130 illa-tanta
1020 3071 1075 3129 tua
1097 3065 1131 3128 in
1154 3065 1258 3129 causis
1282 3064 1327 3129 di-

283 3165 409 3232 vinitas.
456 3185 516 3230 neo
539 3167 623 3231 enim
646 3175 677 3232 te
700 3169 762 3233 ista
783 3169 927 3251 attigisse
949 3168 1135 3248 arbitrabar,
1159 3187 1242 3249 quae
1258 3166 1327 3232 dili·

282 3270 469 3356 gentissime
492 3289 647 3352 cognosse
662 3276 694 3334 et
710 3270 850 3353 undique
867 3271 1042 3355 conlegisse
1058 3290 1179 3354 usuque
1196 3269 1325 3336 doctum

212 3383 263 3432 cco
281 3375 397 3459 partim
421 3373 596 3441 correxisse
619 3372 724 3454 video,
747 3375 862 3458 partim
878 3375 1109 3457 comprobasse.
1156 3393 1261 3454 neque
1286 3395 1325 3442 eo
1346 3394 1382 3442 ao

281 3478 387 3544 minus
410 3476 622 3560 eloquentiam
646 3482 733 3540 tuam
756 3483 788 3541 et
810 3477 908 3540 multo
931 3477 1034 3560 magis
1057 3478 1205 3541 virtutem
1231 3485 1265 3542 et
1280 3477 1326 3542 di-

281 3579 445 3662 ligentiam
485 3579 636 3659 admiror,
679 3583 711 3642 et
746 3579 839 3643 simul
870 3578 994 3663 gaudeo
1034 3578 1185 3644 iudicium
1223 3580 1325 3646 animi

281 3681 345 3744 mei
369 3681 578 3765 comprobari,
602 3679 687 3761 quod
711 3699 836 3764 semper
858 3682 954 3746 statui
969 3683 1128 3746 neminem
1145 3682 1326 3765 sapientiae

282 3779 410 3844 laudem
434 3789 465 3847 et
488 3782 686 3864 eloquentiae
715 3784 783 3848 sine
811 3804 931 3850 summo
963 3785 1066 3852 studio
1095 3793 1126 3851 et
1155 3785 1265 3853 labore
1294 3796 1327 3854 et
