2866 4110
250 143 302 221 Ι56
476 160 588 212 niens
606 161 627 213 1.
658 159 865 243 onesi—sa
896 163 1074 224 sani-aas.
1118 224 1120 228 ,

261 333 419 396 communi
441 333 527 397 vitae
551 331 778 408 consuetudine
794 332 877 396 mala
893 353 930 397 ac
946 333 1079 398 molesta
1095 340 1126 396 et
1141 323 1299 416 fugienda

261 435 358 499 multo
381 436 500 500 maiora
523 442 554 499 et
576 435 738 499 acerbiora
761 435 867 500 verbis
890 435 980 520 facit3
1004 436 1143 517 itemque
1160 456 1198 500 ea
1214 456 1299 518 quae

261 538 355 621 volgo
378 537 558 621 expetenda
588 545 683 619 atque
713 538 865 620 optabilia
895 539 1044 602 videntur
1075 537 1210 603 dicendo
1233 559 1299 602 am·

259 640 379 723 plificat
402 647 497 723 atque
520 647 619 720 ornat,
644 660 747 722 neque
770 641 837 704 volt
859 641 903 704 ita
927 643 1054 726 sapiens
1080 642 1163 706 inter
1185 642 1300 708 stultos

261 743 371 823 videri,
388 751 422 807 ut
436 744 459 807 ii
475 745 528 825 qui
543 743 674 807 audiant
690 751 744 808 aut
763 744 859 809 illum·
874 745 1016 828 ineptum
1036 752 1091 809 aut
1107 745 1300 810 Graeculum
1317 755 1334 802 5

259 853 373 930 putent
395 852 459 926 aut,
483 847 606 912 etiamsi
630 847 723 911 valde
746 850 881 930 probent
896 848 1068 931 ingenium,
1093 848 1226 913 oratoris
1250 868 1298 913 sa·
1423 793 1427 936 l

147 982 149 987 ·
189 965 240 1012 aaa
259 949 413 1032 pientiam
435 949 640 1030 admirentur,
665 970 699 1014 se
721 970 791 1014 esse
814 950 926 1016 stultos
942 941 1072 1016 moleste
1095 950 1216 1034 ferant,
1240 949 1299 1015 sed
1426 941 1427 982 ¹

259 1051 304 1114 ita
326 1059 474 1135 peragrat
496 1072 553 1135 per
574 1053 697 1118 animos
721 1050 915 1139 [hominuml
938 1054 983 1117 ita
999 1073 1110 1118 sensus
1132 1052 1299 1118 hominum

259 1160 444 1235 mentesque
474 1161 655 1238 pertractat,
687 1163 811 1220 utnon
844 1154 1003 1220 desideret
1037 1154 1298 1238 philosophorum

260 1255 487 1340 descriptiones
510 1277 614 1338 nsque
638 1250 783 1339 exquiret
805 1251 946 1340 oratione
970 1278 1126 1322 summum
1149 1257 1228 1321 illud
1245 1259 1299 1324 bo·
1319 1270 1356 1316 ro

260 1380 336 1423 num
358 1359 391 1422 in
414 1360 562 1424 animone
585 1361 689 1424 sitan
712 1361 745 1425 in
768 1381 908 1444 corpore,
931 1361 1048 1426 virtute
1070 1381 1112 1425 an
1132 1360 1299 1444 voluptate

260 1461 437 1545 definiatur,
461 1483 510 1539 an
537 1463 617 1531 haec
647 1463 728 1528 inter
759 1464 903 1547 seiungi
932 1464 1132 1547 copularique
1155 1463 1298 1547 possint;

260 1586 301 1629 an
325 1585 409 1646 vero,
433 1571 467 1629 ut
490 1565 679 1648 quibusdam
706 1568 820 1646 visum,
852 1567 931 1631 nihil
958 1574 1077 1632 eertum
1105 1566 1188 1646 sciri,
1217 1566 1299 1630 nihil

221 1667 223 1671 ’
259 1668 354 1752 plane
377 1670 526 1752 cognosci
549 1675 580 1734 et
602 1670 723 1754 percipi
746 1671 853 1753 possit.
901 1690 1033 1751 quarum
1063 1690 1167 1734 rerum
1194 1669 1299 1734 fateor

259 1791 409 1855 magnam
432 1773 699 1856 multiplicemque
731 1793 800 1838 esse
828 1771 1026 1856 disciplinam
1056 1779 1087 1836 et
1110 1772 1226 1836 multas
1251 1793 1298 1837 co·
1319 1785 1355 1854 rs

258 1875 364 1958 piosas
397 1877 565 1958 variasque
594 1877 746 1961 rationes,
792 1875 848 1940 sed
881 1874 968 1939 aliud
1001 1869 1167 1956 quiddam,
1202 1874 1298 1958 longe

189 1996 240 2043 223
258 1979 354 2059 aliud,
378 1980 502 2060 Crasse,
526 1981 714 2060 quaerimus.
757 1987 849 2044 acuto
873 1979 1000 2044 homine
1023 1978 1113 2042 nobis
1140 1998 1220 2062 opus
1250 1987 1299 2044 est

259 2088 291 2147 et
313 2089 426 2146 natura
448 2103 569 2165 usuque
594 2083 716 2163 callido,
740 2083 795 2164 qui
818 2083 975 2165 sagaciter
997 2071 1192 2165 pervestiget
1220 2081 1299 2163 quid

260 2186 308 2250 sui
331 2187 417 2250 cives
439 2186 524 2266 iique
555 2185 698 2250 homines
722 2187 837 2267 quibus
864 2184 983 2267 aliquid
1007 2183 1142 2249 dicendo
1169 2204 1298 2268 persua-

198 2301 236 2354 52
260 2288 334 2352 dere
357 2288 434 2352 velit
456 2288 594 2372 cogitent
618 2289 756 2352 sentiant
771 2288 940 2371 opinentur
963 2293 1142 2371 expectent.
1189 2294 1298 2352 teneat
1317 2299 1356 2347 20

260 2397 381 2473 oportet
404 2410 503 2455 venas
526 2391 676 2471 cuiusque
699 2391 825 2474 generis
846 2391 959 2455 aetatis
982 2389 1110 2471 ordinis,
1134 2396 1166 2454 ct
1189 2409 1298 2454 eorum

259 2492 344 2576 apud
357 2512 446 2573 quos
469 2493 588 2575 aliquid
610 2501 684 2576 aget
706 2499 762 2557 aut
784 2495 843 2558 erit
866 2500 992 2558 acturus
1022 2500 1145 2558 mentes
1173 2513 1298 2558 sensus·
1383 2525 1384 2530 κ

189 2615 241 2663 aas
259 2616 320 2677 que
343 2595 503 2679 degustet,
527 2595 783 2680 philosophorum
811 2603 917 2662 autem
945 2596 1040 2660 libros
1067 2603 1208 2661 reservet
1236 2596 1299 2660 sibi

250 2699 301 2763 ad
323 2698 453 2764 huiusce
484 2699 569 2763 modi
599 2700 770 2763 Tusculani
801 2701 941 2782 requiem
971 2706 1066 2782 atque
1097 2700 1208 2779 otium,
1244 2720 1297 2780 ne,

183 2869 185 2873 ,
259 2803 286 2867 si
310 2801 436 2884 quando
460 2803 489 2866 ei
513 2801 681 2866 dicendum
704 2804 764 2867 erit
788 2802 827 2867 de
851 2803 970 2868 iustitia
993 2809 1025 2867 et
1041 2801 1113 2882 fide,
1138 2807 1299 2866 mutuetur
1319 2815 1355 2863 25

259 2926 279 2968 a
301 2905 445 2988 Platone,
471 2905 524 2986 qui
548 2925 618 2970 cum
634 2905 713 2970 haec
737 2899 945 2989 exprimenda
960 2906 1066 2970 verbis
1082 2905 1297 2988 arbitraretur,

259 3028 375 3072 novam
399 3007 558 3089 quandam
581 3007 673 3071 finxit
697 3009 729 3072 in
752 3009 840 3074 libris
864 3008 1039 3071 civitatem:
1063 3027 1162 3089 usque
1181 3028 1219 3072 eo
1243 3008 1299 3072 illa

260 3131 342 3193 quae
365 3109 501 3176 dicenda
532 3110 572 3176 de
602 3111 722 3177 iustitia
752 3113 886 3196 putabat
912 3131 932 3174 a
959 3111 1045 3174 vitae
1069 3110 1309 3176 consuetudine

190 3235 240 3283 225
260 3221 291 3279 et
313 3235 333 3277 a
357 3215 518 3280 civitatum
546 3215 685 3280 moribus
712 3215 932 3280 abhorrebant.
981 3214 1094 3294 quodsi
1122 3234 1160 3278 ea
1186 3214 1299 3297 proba·

259 3325 367 3383 rentur
389 3320 422 3383 in
445 3319 570 3402 populis
592 3326 687 3400 atque
710 3320 742 3383 in
767 3317 958 3397 civitatibus,
984 3317 1055 3397 quis
1079 3317 1148 3396 tibi,
1172 3317 1297 3398 Crasse,
1318 3331 1353 3378 30

260 3424 477 3503 concessisset,
514 3423 685 3488 clarissimo
717 3423 785 3486 viro
817 3428 849 3486 et
878 3419 1074 3502 amplissimo
1107 3427 1136 3484 et
1161 3421 1299 3505 principi

260 3526 406 3607 civitatis,
441 3533 476 3589 ut
509 3526 564 3589 illa
594 3525 715 3591 diceres
749 3527 781 3589 in
815 3524 955 3589 maxima
989 3525 1135 3588 contione
1173 3531 1298 3588 tuorum

261 3628 387 3708 civium,
405 3646 485 3709 quae
501 3626 633 3690 dixisti?
667 3621 790 3711 ‘eripite
813 3645 871 3690 nos
895 3644 935 3687 ex
951 3624 1096 3704 miseriis,
1121 3625 1232 3708 eripite
1256 3647 1299 3690 ex

260 3728 405 3794 faucibus
428 3748 546 3806 eorum,
571 3748 701 3809 quorum
724 3729 893 3793 erudelitas
915 3727 979 3788 nist
1005 3733 1112 3792 nostro
1140 3729 1299 3810 sanguine
