2836 4114
311 211 423 267 mann
440 213 491 268 111,
522 212 605 268 cAP.
623 215 734 269 aa-ro.
753 217 768 278 c
786 214 931 269 rar-160.
1073 195 1135 260 211

205 385 425 454 Similitudinis
448 393 496 454 est
511 387 563 452 -ad
589 388 722 453 verbum
751 407 849 452 unum
880 393 1043 452 contracta
1072 387 1138 453 bre·
1158 359 1207 483 {³27

97 492 192 574 vitas,
216 491 301 575 quod
323 493 453 558 verbum
476 492 511 557 in
534 492 639 558 alieno
662 493 731 557 loco
753 497 915 574 tamquam
942 492 976 557 in
1006 511 1063 558 suo
1084 512 1137 576 po·
1193 569 1195 572 ¹

97 596 203 678 situm,
227 597 254 662 si
276 596 466 681 agnoscitur,
495 595 651 682 delectat3
684 596 711 661 si
733 595 835 661 simile
856 595 936 661 nihil
963 594 1070 678 habet,
1093 615 1139 660 re·
1191 655 1193 660 .

96 699 257 786 pudiatur.
303 699 361 766 sed
384 720 422 765 ea
445 692 611 766 transferri
634 705 766 785 oportet,
793 705 952 782 quaeant
975 700 1137 765 clariorem

64 818 78 864 5
97 804 220 870 faciunt
242 824 319 886 rem,
342 810 376 869 ut
398 805 452 870 illa
475 805 601 870 omnia:

309 975 311 979 .
516 909 703 975 inhorrescit
725 928 823 990 mare,

141 1013 294 1078 tenebrae
320 1012 589 1098 conduplicantur,
605 1013 769 1096 noctisque
784 1015 816 1078 et
831 1012 974 1078 nimbum
990 1014 1137 1078 occaecat

581 1139 615 1182 nr
654 1138 689 1183 or

140 1219 270 1285 flamma
291 1219 374 1286 inter
395 1223 497 1288 nubes
521 1139 673 1303 corusddt,
691 1169 812 1286 caelum
828 1219 945 1286 tonitru
961 1219 1137 1302 contremit,

50 1335 78 1383 ro
140 1322 264 1408 grando
286 1325 388 1389 mixta
410 1325 504 1391 imbri
526 1325 669 1409 largifico
693 1325 797 1391 subita
810 1323 1027 1409 praecipitans
1043 1323 1137 1406 cadit,
1198 1369 1200 1374 -
1321 1363 1324 1370 ·

139 1428 281 1512 tndique
296 1448 406 1495 omnes
421 1430 510 1495 venti
527 1435 705 1514 erumpunt,
722 1429 810 1495 saevi
826 1429 968 1496 existunt
981 1429 1136 1495 trirbines:

140 1532 236 1599 fervit
257 1539 348 1598 aestu
370 1534 524 1619 pelagus:

96 1636 304 1718 omniafere,
327 1657 389 1719 quo
413 1644 520 1704 essent
544 1637 686 1719 clariora,
717 1636 879 1703 translatis
908 1656 966 1720 per
998 1635 1137 1703 similitu-

97 1741 206 1807 dinem
228 1741 334 1807 verbis
357 1741 442 1807 dicta
466 1747 552 1828 sunt;
576 1748 631 1807 ant
655 1762 716 1824 quo
739 1739 934 1826 significetur
961 1740 1063 1826 magis
1085 1759 1137 1805 res
1157 1749 1208 1798 158

52 1864 79 1910 rs
97 1853 165 1913 tota
187 1846 256 1912 sive
278 1844 354 1910 facti
375 1846 509 1912 ahcuius
533 1846 601 1912 sive
625 1846 757 1928 consilii,
779 1851 816 1911 ut
837 1846 890 1910 ille
913 1844 966 1926 qui
982 1844 1136 1910 occultan-

96 1958 162 2018 tem
185 1951 337 2033 consulto,
360 1971 402 2016 ne
423 1950 458 2016 id
480 1949 565 2034 quod
588 1957 736 2036 ageretur
757 1949 899 2034 intellegi
921 1955 1039 2032 posset,
1063 1947 1136 2013 duo-

96 2059 157 2123 bus
177 2055 339 2122 translatis
361 2055 469 2122 verbis
493 2053 699 2134 similitudine
721 2055 792 2140 ipsa
813 2053 951 2119 indicat:

141 2158 397 2244 qnandoquidem
418 2164 446 2226 ts
469 2179 504 2226 sc
528 2159 742 2225 circumvestit
764 2157 867 2240 dictis,
890 2158 994 2242 saepit
1016 2155 1135 2222 sedulo.
1228 2234 1229 2238 Ἰ

201 2265 274 2329 Non
297 2283 468 2346 numquam
492 2263 588 2328 ctiam
612 2263 752 2329 brevitas
774 2261 982 2328 translatione
1013 2259 1136 2325 confici-

50 2380 79 2428 20
96 2374 157 2450 tur,
190 2374 226 2433 ut
258 2366 336 2433 illud
366 2360 404 2433 ‘si
434 2368 532 2432 telum
563 2387 660 2432 manu
690 2360 793 2452 fugit.²
837 2365 1051 2449 imprudentia
1081 2363 1136 2429 teli

96 2472 185 2538 missi
208 2471 336 2538 brevius
364 2471 500 2557 propriis
528 2471 636 2538 verbis
649 2493 651 2498 ·
665 2469 782 2556 exponi
809 2490 873 2534 non
902 2470 1013 2554 potuit,
1041 2488 1136 2551 quam

96 2581 144 2642 est
165 2596 230 2641 uno
260 2575 438 2660 significata
473 2574 634 2640 translato.
682 2574 742 2641 hoc
771 2573 804 2638 in
834 2593 952 2659 genere
983 2592 1136 2658 persaepe
1156 2582 1204 2631 159

95 2680 173 2744 mihi
195 2677 415 2744 admirandum
439 2678 567 2745 videtur
610 2677 667 2742 uid
689 2679 731 2745 sit
767 2677 829 2743 uod
844 2697 954 2744 omnes
975 2676 1136 2742 translatis

12 2773 14 2820 '
96 2791 127 2872 et
149 2783 262 2849 alicnis
285 2783 387 2866 magis
410 2699 611 2848 delectentudl
630 2698 848 2864 verbisdpuam
863 2782 998 2867 propriis
1014 2787 1045 2847 et
1061 2780 1133 2845 suis.

48 2899 78 2948 25
95 2908 170 2952 nam
192 2887 220 2953 si
249 2906 300 2952 res
330 2907 421 2952 suum
454 2907 570 2952 nomen
605 2891 636 2952 et
666 2885 854 2953 vocabulum
883 2887 1044 2971 proprium
1071 2905 1135 2950 non
1159 2888 1197 2943 4⁰

13 3021 14 3030 θ
96 2991 203 3072 habet,
235 2997 270 3056 ut
297 2983 375 3076 ‘pes'
405 2991 439 3055 in
466 2991 552 3072 navi,
585 2996 620 3055 ut
650 2982 791 3065 ‘nexum'
821 2989 906 3071 quod
935 3010 992 3075 per
1021 2988 1134 3054 libram

13 3091 14 3124 ³
96 3097 209 3181 agitur,
241 3102 275 3161 ut
304 3094 338 3159 in
359 3114 459 3160 uxore
489 3087 694 3176 ‘divortium'
723 3093 897 3159 necessitas
933 3093 1016 3176 cogit
1051 3090 1134 3175 quod

96 3219 158 3264 non
181 3199 302 3266 habeas
327 3198 456 3264 aliunde
483 3218 626 3284 sumere;
659 3196 717 3264 sed
744 3198 779 3263 in
809 3217 936 3263 suorum
965 3197 1133 3262 verborum

94 3304 235 3370 maxima
265 3303 357 3388 copia
386 3308 493 3368 tamen
526 3302 670 3368 homines
701 3302 806 3368 aliena
835 3301 933 3368 multo
964 3299 1076 3383 magis,
1107 3298 1134 3363 si
1249 3305 1251 3310 '

49 3417 78 3466 ³0
95 3415 168 3474 sunt
189 3407 312 3472 ratione
334 3406 500 3489 translata,
526 3406 695 3472 delectant.
740 3404 773 3470 id
795 3403 941 3470 accidere
965 3402 1059 3469 credo
1082 3403 1203 3467 vel160

95 3512 178 3596 quod
200 3511 323 3597 ingenii
345 3510 507 3596 specimen
535 3517 583 3577 est
598 3509 756 3593 quoddam
771 3507 929 3574 transilire
945 3505 1134 3592 antepedes

94 3619 197 3704 posita
219 3623 251 3684 ct
273 3616 337 3681 aba
366 3616 462 3700 longe
494 3614 630 3701 repetita
661 3633 801 3697 sumere;
832 3610 884 3674 vel
914 3610 999 3693 quod
1026 3611 1054 3676 is
1081 3611 1134 3693 qui

95 3722 182 3789 audit
204 3723 267 3788 alio
289 3719 413 3785 ducitur
436 3719 628 3803 cogitatione
651 3737 754 3802 neque
777 3722 883 3781 tamen
900 3718 1036 3797 aberrat,
1053 3735 1134 3797 quac

96 3829 234 3894 maxima
257 3832 306 3893 est
328 3823 514 3908 delectatio;
538 3823 590 3888 vel
613 3822 696 3906 quod
720 3819 774 3909 [in]
798 3816 932 3902 singulis
955 3819 1062 3886 verbis
1084 3839 1135 3885 res

928 3923 977 3974 14*
