2834 4110
301 242 413 296 LIBER
430 243 466 296 ΙΙ.
503 241 586 298 GAP.
599 245 712 300 59-60.
746 246 761 306 ξ
778 243 925 297 ala-245.
1069 225 1131 289 135

100 414 179 478 sumi
201 416 290 501 solet;
312 423 346 482 ut
368 416 454 481 idem
477 418 625 483 Crassus:
650 409 718 500 ‘per
741 424 826 481 tuam
842 415 1052 496 nobilitatem,
1074 434 1132 499 per

100 524 233 584 vestram
254 517 431 586 familiaml'
453 520 529 604 quid
551 521 641 585 aliud
662 519 722 584 fuit
745 520 778 585 in
802 539 864 602 quo
888 519 992 584 contio
1014 517 1131 583 rideret

98 620 157 686 nisi
178 623 231 688 illa
251 624 353 690 voltus
377 631 409 688 et
431 624 518 689 vocis
532 623 688 689 imitatio?
712 615 780 707 ‘per
798 630 869 688 tuas
885 617 1032 688 statuasl'
1054 633 1131 686 vero

99 743 166 790 cum
190 726 269 792 dixit
292 735 323 793 et
350 733 482 793 extento
504 727 654 793 bracchio
684 727 814 811 paulum
842 727 938 791 etiam
967 724 1008 790 de
1037 732 1131 808 gestu

71 826 226 911 saddidit,
252 831 472 897 vehementius
506 831 642 896 risimus.
689 851 730 896 ex
760 830 821 895 hoc
850 849 968 914 genere
999 836 1047 894 est
1077 828 1132 893 illa

99 929 249 998 Rosciana
277 935 411 1000 imitatio
441 934 542 1000 senis:
575 928 644 999 ‘tibi
667 955 737 1017 ego,
772 933 923 1017 Antipho,
957 933 1017 998 has
1051 951 1130 1014 sero,

23 1053 24 1094 ;
100 1033 212 1122 inquit;
234 1039 356 1103 senium
386 1045 444 1119 cst,
476 1058 547 1103 cum
581 1032 700 1102 audio.³
744 1043 840 1119 atque
873 1038 919 1101 ita
953 1044 1001 1103 est
1031 1042 1132 1101 totum

100 1136 155 1202 hoc
176 1140 243 1226 ipso
265 1161 383 1226 genere
406 1141 584 1222 ridiculum,
608 1147 643 1205 ut
667 1141 849 1206 cautissime
864 1140 1064 1205 tractandum
1081 1140 1129 1206 sit.

23 1221 25 1292 d
101 1243 255 1310 mimorum
278 1254 327 1312 est
350 1247 436 1311 enim
458 1246 684 1330 ethologorum,
716 1245 744 1308 si
774 1245 873 1308 nimia
895 1251 952 1325 est,
984 1245 1131 1325 imitatio,

65 1361 88 1407 ro
103 1345 176 1411 sicut
198 1350 385 1416 obscenitas.
432 1356 537 1415 orator
571 1349 720 1432 surripiat
754 1355 877 1433 oportet
910 1349 1131 1428 imitationem,

101 1458 130 1514 ut
156 1453 184 1518 is
211 1455 264 1536 qui
295 1453 403 1518 audiet
436 1455 553 1538 cogitet
586 1453 678 1536 plura
711 1473 806 1534 quarn
836 1450 962 1537 videat3
993 1459 1133 1537 praestet

23 1539 24 1628 l
100 1553 176 1620 idem
196 1558 425 1642 ingenuitatem
441 1564 473 1623 et
487 1559 634 1623 ruborem
650 1577 741 1622 suum
757 1557 925 1622 verborum
937 1557 1132 1640 turpitudine
1155 1631 1194 1684 60

23 1715 24 1744 ,
100 1663 127 1722 ct
155 1681 255 1726 rerum
288 1661 486 1727 obscenitate
515 1659 658 1725 vitanda.
704 1680 780 1744 ergo
810 1659 890 1724 hacc
921 1658 983 1724 duo
1013 1680 1133 1742 genera
1151 1704 1201 1752 243

23 1825 24 1854 3
100 1771 165 1828 sunt
193 1765 259 1830 eius
287 1763 411 1829 ridiculi
441 1764 525 1847 quod
555 1764 588 1828 in
617 1785 652 1829 rc
683 1764 821 1847 positum
851 1769 916 1846 est3
948 1781 1030 1845 quae
1058 1769 1131 1828 sunt

23 1859 25 1920 l
64 1880 87 1926 rs
102 1869 217 1952 propria
230 1875 465 1954 perpetuarum
488 1867 686 1949 facetiarum,
715 1868 747 1932 in
771 1867 886 1950 quibus
908 1866 1132 1932 describuntur

100 1967 251 2038 hominum
278 1991 383 2039 mores
413 1980 445 2038 et
473 1973 519 2036 ita
550 1972 754 2056 effinguntur,
788 1978 824 2035 ut
855 1977 911 2035 aut
941 1991 974 2035 re
1003 1975 1132 2034 narrata

22 2067 23 2096 ¹
99 2073 195 2157 aliqua
218 2076 328 2158 quales
351 2077 415 2141 sint
444 2076 672 2167 intellegantur
701 2081 757 2139 aut
787 2075 964 2139 imitatione
992 2073 1132 2138 breviter

22 2171 24 2202 '
99 2177 205 2244 iniecta
226 2181 259 2244 in
283 2180 389 2262 aliquo
412 2180 530 2263 insigni
552 2179 595 2244 ad
609 2178 813 2244 inridendum
829 2178 907 2243 vitio
922 2177 1129 2262 reperiantur.

98 2281 228 2348 indicto
250 2290 359 2349 autem
382 2282 548 2348 ridiculum
572 2281 685 2364 estid,
711 2282 794 2365 quod
817 2282 907 2348 verbi
930 2289 986 2348 ant
1008 2287 1130 2346 senten·
1150 2291 1201 2339 244

61 2399 86 2447 ro
100 2385 155 2451 tiae
176 2386 313 2469 quodam
336 2388 483 2452 acumine
506 2393 660 2452 movetur.
707 2387 764 2452 sed
786 2393 822 2450 ut
843 2387 877 2450 in
900 2387 953 2452 illo
969 2386 1139 2472 superiore.

100 2509 206 2572 genere
228 2492 281 2557 rel
303 2492 493 2556 narrationis
517 2490 569 2555 vel
591 2490 778 2556 imitationis
801 2491 933 2556 vitanda
955 2497 1004 2557 est
1025 2491 1131 2556 mimo-

101 2613 160 2658 rum
182 2595 399 2677 ethologorum
423 2593 606 2675 similitudo,
631 2595 733 2658 sicin
757 2594 817 2658 hoc
848 2596 986 2660 scurrilis
1017 2594 1131 2661 oratori

22 2773 23 2788 χ
101 2696 241 2763 dicacitas
264 2718 382 2782 magno
413 2719 508 2782 opere
531 2697 685 2781 fugienda
708 2705 764 2762 est.
813 2697 867 2779 qui
896 2700 993 2784 igitur
1023 2698 1131 2762 distin-

101 2821 221 2884 gucmus
241 2822 261 2865 a
286 2802 409 2882 Crasso,
433 2822 453 2866 a
476 2802 597 2882 Catulo,
621 2801 770 2865 austeris
785 2799 975 2867 familiarem
991 2807 1131 2867 vestrum

22 2941 23 2980 q
64 2918 89 2966 ae
103 2903 242 2970 Granium
266 2911 322 2969 aut
344 2905 517 2989 Vargulam
540 2905 678 2969 amicum
700 2904 833 2968 meum?
860 2926 924 2970 non
952 2904 1131 2970 mehercule

102 3006 131 3070 in
149 3016 285 3073 mentem
307 3008 386 3072 mihi
409 3005 537 3090 quidem
560 3007 664 3072 venit:
690 3014 764 3072 sunt
787 3007 872 3071 euim
887 3008 1031 3091 dicaccs;
1056 3008 1131 3072 Gra·

102 3113 147 3177 nio
176 3112 301 3196 quidem
332 3133 426 3177 nemo
457 3111 602 3177 dicacior.
649 3111 718 3192 hoc,
750 3112 870 3194 opinor,
901 3112 1047 3195 primum,
1078 3131 1130 3191 ne,

104 3217 372 3299 quotienscumque
395 3215 532 3299 potuerit
555 3213 675 3279 dictum
698 3215 771 3295 dici,
794 3234 926 3280 necesse
954 3213 1130 3278 habeamus

22 3313 24 3396 i
104 3317 201 3384 dicere.
248 3319 382 3402 pusillus
405 3318 495 3384 testis
518 3319 678 3401 processit.
725 3310 820 3382 ‘licet'
847 3316 950 3397 inquit
973 3309 1095 3398 ‘rogare
1103 3313 1130 3377 ‘l'
1149 3326 1200 3374 245

22 3461 29 3558 p
65 3438 89 3486 so
103 3421 262 3507 Philippus.
309 3427 376 3486 tum
410 3421 569 3504 quaesitor
609 3441 784 3506 properans
823 3413 927 3483 ‘modo
969 3413 1129 3482 breviter.³

22 3565 23 3568 =
104 3524 147 3589 hic
172 3527 220 3591 ille
250 3518 327 3590 ‘non
357 3525 540 3591 accusabis:
569 3525 776 3609 perpusillum
806 3515 946 3604 rogabo?
977 3517 1128 3604 ridicule;

105 3629 151 3692 sed
176 3628 306 3694 sedebat
337 3628 434 3694 iudex
457 3628 492 3692 L.
510 3629 644 3693 Aurifex
675 3629 802 3693 brevior
828 3625 897 3706 ipsc
921 3641 1015 3704 quam
1038 3621 1130 3687 testis

105 3733 198 3798 ctiam:
222 3731 326 3798 omnis
348 3740 397 3798 est
418 3732 500 3797 risus
522 3732 555 3795 in
577 3731 716 3796 iudicem
740 3743 929 3808 conversus;
953 3725 1057 3790 visum
1080 3732 1130 3790 est

22 3915 23 3922 ,
105 3843 186 3903 totum
208 3835 337 3903 scurrile
359 3835 536 3900 ridiculum.
584 3855 658 3918 ergo
673 3832 753 3897 haec
770 3848 851 3914 quae
867 3827 981 3892 cadere
996 3835 1131 3912 possunt
