2834 4110
255 108 317 172 104
461 123 574 177 moun
593 123 628 176 11.
660 121 868 179 caeso-31.
902 124 1083 186 suso-133.

254 297 390 363 dicenda
412 303 469 379 θεῖ,
494 297 609 363 totiens
631 296 674 361 ad
696 297 764 362 cius
795 317 910 362 causac
934 296 1073 381 seposita
1107 301 1306 379 argumenta

253 402 374 467 revolvi
396 421 454 467 nos
477 407 607 486 oportet,
632 401 689 466 sed
711 400 831 466 habere
854 407 956 466 certos
979 402 1063 465 locos
1091 401 1157 482 qui,
1189 406 1224 464 ut
1252 399 1306 463 lit·

253 513 340 572 torae
362 507 405 571 ad
427 508 559 572 verbum
583 505 794 587 scribendum,
828 505 873 570 sio
895 505 940 569 illi
968 505 1010 570 ad
1038 524 1168 569 causam
1200 505 1305 589 expli·
1406 513 1407 576 j

187 624 233 671 131
254 611 389 676 caudam
412 611 519 676 statim
542 616 716 675 occurrant.
764 610 821 674 sed
843 609 877 673 hi
899 610 960 674 loci
983 609 1013 673 ei
1037 609 1166 673 demum
1182 607 1305 674 oratori
1406 589 1407 608 ¹

255 714 405 799 prodesse
435 719 578 798 possunt,
612 714 666 795 qui
695 719 742 778 ost
772 721 918 778 vorsatus
944 714 978 777 iu
1008 733 1113 778 rerum
1144 713 1198 777 vel
1228 730 1342 792 usu,5
1406 779 1407 784 ,

254 839 347 901 quem
369 822 458 883 aetas
482 817 619 900 denique
641 817 755 898 adfert,
779 819 831 884 vel
853 817 1015 882 auditione
1038 824 1070 883 ct
1093 817 1302 900 cogitatione,

255 944 336 1004 quae
359 921 463 987 studio
487 927 518 986 ct
540 921 706 1004 diligentia
728 922 902 1006 praecanit
926 928 1073 986 aetatem.
1120 943 1197 986 nam
1221 922 1304 987 situ

254 1026 332 1090 mihi
360 1026 505 1108 quamvis
541 1025 698 1090 eruditum
735 1026 895 1090 hominem
930 1025 1114 1107 adduxeris,
1150 1025 1302 1108 quamvis

253 1150 359 1194 acrem
383 1136 414 1194 ct
436 1135 564 1194 acutum
585 1130 619 1194 in
642 1129 821 1214 cogitando,
846 1131 991 1213 quamvis
1020 1129 1062 1194 ad
1093 1131 1303 1214 pronuntian-

254 1233 331 1298 dum
354 1233 555 1317 expeditum:
580 1233 606 1298 si
630 1234 689 1298 erit
712 1233 798 1298 idom
824 1235 858 1298 in
887 1233 1117 1299 consuetudine
1148 1235 1300 1315 civitatis,
1323 1250 1357 1296 10

256 1338 289 1402 in
313 1338 478 1422 exemplis,
508 1337 542 1401 in
576 1337 738 1419 institutis,
773 1339 807 1402 in
837 1338 977 1403 moribus
1011 1359 1049 1402 ac
1079 1339 1301 1404 voluntatibus

257 1443 374 1506 civium
397 1463 523 1508 suorum
557 1443 682 1527 hospeS,
713 1465 777 1509 non
809 1445 941 1508 multum
973 1445 1002 1508 ei
1032 1445 1092 1508 loci
1123 1443 1301 1527 proderunt

256 1547 301 1611 illi
324 1567 365 1611 ex
389 1547 503 1629 quibus
525 1554 714 1631 argumenta
741 1554 935 1631 promuntur.
982 1548 1112 1612 subacto
1143 1547 1223 1612 mihi
1253 1548 1300 1612 in·
1406 1549 1407 1596 ἕ

255 1652 349 1735 genio
372 1671 451 1736 opus
474 1657 531 1733 θεῖ,
555 1657 590 1715 ut
612 1672 689 1736 agro
713 1672 776 1716 non
800 1652 898 1717 semol
921 1658 1020 1733 arato,
1045 1650 1101 1717 sed
1124 1658 1242 1717 novato
1266 1659 1300 1716 θῖ

254 1756 376 1836 iterato,
408 1777 469 1838 quo
499 1755 644 1822 meliores
671 1755 755 1820 fetus
782 1757 882 1840 possit
913 1762 944 1820 et
973 1754 1159 1839 grandiores
1191 1755 1296 1821 cdere.
1320 1772 1352 1818 15

255 1861 397 1926 subactio
419 1867 527 1925 autem
551 1866 599 1924 θεῖ
621 1880 697 1925 usus
719 1859 840 1924 auditio
862 1860 955 1924 lectio
978 1860 1109 1924 litterae.

187 1975 235 2024 132
357 1965 405 2029 Ac
427 1965 564 2048 primum
586 1972 732 2028 naturam
756 1983 871 2029 causae
886 1963 1005 2044 videat,
1023 1985 1105 2046 quae
1121 1983 1297 2047 numquam

254 2068 340 2149 latet,
363 2069 525 2133 factumne
549 2069 589 2133 sit
612 2076 781 2150 quaeratur
803 2089 845 2132 an
878 2069 972 2150 quale
995 2069 1036 2132 sit
1063 2088 1105 2132 an
1135 2068 1221 2150 quod
1243 2089 1296 2134 no-

254 2193 325 2237 men
349 2172 475 2238 habeat.
523 2193 584 2254 quo
607 2179 772 2257 perspecto
788 2173 895 2238 statim
912 2173 1046 2237 occurrit
1068 2173 1205 2237 naturali
1223 2192 1296 2255 qua-

255 2275 328 2340 dam
350 2275 529 2359 prudentia,
552 2297 617 2341 non
639 2275 689 2340 his
712 2275 975 2342 subductionibus
998 2296 1076 2359 quas
1099 2277 1152 2341 isti
1169 2276 1295 2358 docent,
1316 2291 1349 2339 20

254 2379 330 2461 quid
353 2378 450 2443 faciat
473 2398 610 2460 causam,
634 2379 668 2442 id
691 2385 739 2444 est
762 2399 824 2462 quo
841 2381 964 2446 sublato
981 2380 1195 2446 controversia
1211 2388 1296 2446 stare

253 2504 318 2548 non
340 2483 452 2568 possit;
484 2482 599 2548 deinde
623 2483 699 2566 quid
729 2485 838 2548 veniat
859 2485 892 2548 in
925 2485 1085 2550 iudicium.
1132 2484 1217 2567 quod
1244 2486 1297 2550 isti

254 2588 300 2652 sic
321 2587 433 2652 iubent
456 2607 623 2669 quaerere:
647 2587 807 2654 interfecit
823 2587 967 2673 Opimius
982 2588 1170 2654 Gracchum.
1219 2589 1296 2671 quid

253 2692 330 2756 facit
353 2693 507 2757 causam?
531 2693 615 2775 quod
636 2694 682 2757 rei
705 2694 852 2777 publicae
876 2713 981 2774 causa,
1006 2713 1077 2757 cum
1101 2714 1142 2758 ex
1165 2700 1295 2759 senatus

255 2798 397 2863 consulto
424 2797 467 2861 ad
493 2818 582 2862 arma
612 2803 767 2864 vocasset.
812 2798 873 2862 hoc
902 2798 986 2879 tolle,
1018 2818 1116 2863 causa
1138 2817 1201 2862 non
1226 2797 1293 2862 erit.
1314 2811 1346 2859 25

254 2908 288 2966 at
309 2901 343 2966 id
365 2902 468 2986 ipsum
492 2909 589 2986 negat
612 2909 721 2967 contra
743 2903 831 2986 leges
858 2902 985 2966 licuisse
1007 2902 1135 2967 Decius.
1186 2903 1296 2967 veniet

255 3006 351 3090 igitur
373 3007 406 3070 in
427 3006 580 3071 iudicium
603 3007 769 3073 licueritne
792 3026 833 3070 ex
857 3012 987 3071 senatus
1011 3006 1152 3071 consulto
1168 3025 1295 3070 servan-

255 3111 316 3176 dae
338 3111 384 3176 rei
406 3112 553 3196 publicae
577 3132 681 3177 causa.
728 3111 897 3197 perspicua
919 3117 993 3176 sunt
1016 3111 1096 3174 haec
1112 3109 1240 3192 quidem
1264 3118 1296 3174 et

254 3216 288 3280 in
310 3217 431 3300 volgari
462 3217 631 3300 prudentia
661 3217 737 3300 sita3
772 3215 828 3281 sed
859 3215 913 3280 illa
936 3215 1128 3297 quaerenda,
1157 3233 1239 3296 quae
1263 3220 1295 3278 θῖ

254 3322 295 3386 ab
318 3327 500 3386 accusatore
529 3327 560 3384 et
586 3341 607 3384 a
629 3319 796 3384 defensore
818 3325 1006 3403 argumenta
1032 3319 1130 3383 adid
1153 3318 1239 3400 quod
1261 3318 1295 3382 in
1313 3332 1343 3380 co

185 3394 235 3516 ,⁸3¹3
253 3424 405 3490 iudicium
427 3423 516 3488 venit
531 3423 709 3507 spectantia
724 3421 843 3510 debent
857 3422 985 3488 adferri.
1023 3430 1119 3505 atque
1142 3422 1194 3486 hic
1216 3421 1295 3486 illud

253 3528 428 3592 videndum
453 3532 510 3605 est,
534 3525 566 3588 in
596 3545 657 3606 quo
686 3545 826 3590 summus
849 3533 897 3591 θεῖ
924 3548 1009 3592 error
1040 3527 1169 3592 istorum
1196 3526 1295 3611 magi·

253 3638 397 3713 strorum,
421 3629 463 3692 ad
492 3647 570 3708 quos
601 3627 717 3692 liberos
747 3635 870 3696 nostros
893 3631 1047 3697 mittimus
1073 3669 1116 3678 —
1139 3653 1203 3698 non
1231 3650 1294 3712 quo

253 3731 313 3798 hoo
343 3729 472 3816 quidem
501 3727 544 3791 ad
575 3728 747 3794 dicendum
775 3754 893 3818 magno
924 3755 1020 3820 opere
1043 3736 1210 3820 pertineat,
1237 3735 1295 3800 sed
