2834 4110
252 128 292 193 88
482 146 648 201 11001111.
679 145 763 200 cAP.
778 148 888 201 16—17.
918 150 933 210 0
952 148 1063 200 10-11.

253 319 414 385 statuendi
443 326 601 405 potestate
627 319 769 400 audiant,
792 319 836 383 ad
859 339 950 384 suum
973 319 1136 384 arbitrium
1159 339 1291 383 movere

251 424 360 507 possit,
383 423 472 490 illum
502 423 543 488 de
573 428 638 489 toto
664 423 718 488 illo
747 442 865 507 genere
892 421 1083 504 reliquarum
1113 421 1293 487 orationum
1410 433 1411 514 J

252 547 316 592 non
339 527 410 612 plus
433 527 649 610 quaesiturum
672 545 741 591 esse
765 525 841 607 quid
869 525 954 590 dicat
982 545 1077 607 quam
1098 525 1293 609 Polyclitum
1410 517 1411 592 l

253 630 352 711 illum,
376 651 446 694 cum
468 630 636 695 Herculem
658 628 812 712 fingebat,
837 627 995 710 quemad
1018 626 1147 694 modum
1175 629 1293 713 pellem

252 740 307 798 aut
329 732 466 817 hydram
488 731 632 817 fingeret,
660 733 784 798 etiamsi
814 731 895 797 baec
918 752 1091 814 numquam
1118 732 1328 816 separatims
1410 779 1411 806 ,

251 836 357 902 facere
380 832 563 902 didicisset.³

198 913 231 1032 i}
354 940 436 1004 Tum
467 939 597 1004 Catulus
619 931 791 1022 ‘praeclare
817 938 895 1003 mihi
925 936 1053 1018 videris,
1081 937 1212 1021 Antoni,
1240 959 1294 1023 po-

253 1039 364 1108 suisse'
391 1042 494 1124 inquit
521 1035 606 1107 ‘ante
636 1041 742 1107 oculos
773 1040 848 1124 quid
879 1041 1001 1106 discere
1031 1047 1191 1125 oporteret
1220 1062 1293 1107 eum
1410 1031 1411 1044 ¹

253 1146 309 1228 qui
331 1152 435 1211 orator
458 1151 543 1210 00001
563 1145 698 1226 futurus,
722 1144 808 1228 quid,
832 1144 957 1210 etiamsi
972 1165 1037 1210 non
1059 1144 1235 1226 didicisset,
1253 1165 1294 1210 ex

253 1270 290 1314 eo
325 1249 409 1330 quod
443 1247 605 1315 didicisset
639 1248 828 1314 adsumeret.
876 1248 1038 1314 deduxisti
1072 1248 1157 1314 enim
1190 1247 1346 1313 1011111110

252 1351 415 1418 hominem
435 1353 470 1416 in
492 1352 553 1417 duo
576 1371 696 1436 genera
718 1352 820 1418 solum
835 1371 1011 1433 causarum,
1029 1357 1134 1417 cetera
1149 1351 1295 1417 innume·
1410 1355 1411 1440 1

254 1455 367 1521 rabilia
389 1455 606 1520 exercitationi
631 1461 663 1519 et
685 1454 883 1520 similitudini
898 1455 1059 1537 reliquisti.
1099 1454 1157 1520 sed
1183 1454 1295 1522 videto

252 1578 293 1622 ne
309 1559 342 1623 in
357 1558 426 1624 10110
442 1557 564 1625 duobus
579 1558 750 1642 generibus
765 1557 869 1641 hydra
891 1558 949 1622 tibi
973 1558 1014 1622 011
1037 1564 1068 1622 01
1090 1558 1192 1641 pellis,
1216 1560 1294 1624 Her·
1410 1601 1411 1620 1

253 1663 338 1728 cules
353 1670 460 1728 autem
475 1669 507 1728 et
521 1663 585 1727 alia
599 1682 697 1746 opera
711 1662 831 1726 maiora
853 1662 887 1725 in
909 1661 971 1726 illis
993 1663 1088 1727 rebus
1104 1681 1184 1743 quas
1204 1683 1293 1746 prac-

251 1765 399 1833 termittis
421 1767 646 1849 relinquantur.
692 1764 863 1831 nonenim
886 1764 965 1828 mihi
987 1765 1092 1830 minus
1114 1765 1220 1848 operis
1248 1766 1292 1830 vi·
1314 1786 1345 1831 rs
1410 1757 1411 1828 Ῑ

252 1868 344 1935 detur
366 1871 407 1936 de
428 1870 586 1936 universis
607 1869 779 1954 generibus
801 1888 906 1933 rerum
929 1867 1080 1950 quamde
1096 1869 1294 1952 singulorum

252 1973 356 2038 causis
378 1993 416 2038 ao
438 1975 536 2038 multo
567 1973 663 2038 etiam
691 1972 794 2036 maius
823 1969 864 2036 de
891 1978 1004 2036 natura
1033 1970 1164 2036 deorum
1196 1992 1294 2054 quam

200 2075 478 2144 111010111110111
505 2076 612 2142 litibus
635 2070 762 2142 dicere.³
806 2068 881 2140 ‘non
909 2082 957 2140 est
980 2071 1035 2139 ita'
1061 2075 1166 2157 inquit
1197 2077 1294 2142 Anto
1364 2131 1367 2136 .

252 2180 332 2246 nius.
379 2173 692 2260 ί(11001110111111111,
717 2179 837 2259 Catule,
862 2200 926 2244 non
956 2185 1022 2243 tam
1044 2178 1156 2245 doctus
1184 2199 1292 2264 quam,

253 2282 287 2347 id
310 2281 394 2364 quod
417 2288 465 2347 est
487 2283 599 2363 maius,
624 2288 783 2365 expertus
830 2283 970 2348 omnium
987 2288 1162 2347 ceterarum
1184 2303 1292 2347 rerum
1311 2301 1343 2349 ao
1410 2343 1411 2346 ,

253 2385 362 2467 oratio,
385 2384 464 2449 milri
487 2384 590 2466 crede,
619 2383 714 2450 ludus
743 2392 791 2450 est
820 2384 941 2450 homini
964 2407 1027 2451 non
1054 2385 1162 2451 hebeti
1185 2407 1292 2469 neque
1410 2379 1411 2394 ³

251 2489 460 2553 inexercitato
483 2507 543 2552 nec
566 2487 779 2553 communium
808 2487 982 2554 litterarum
1006 2495 1038 2554 et
1060 2488 1214 2573 politioris
1236 2489 1293 2555 hu-

251 2591 413 2657 manitatis
437 2590 569 2675 experti.
615 2591 648 2655 in
672 2611 837 2656 causarum
860 2591 1115 2658 contentionibus
1138 2613 1293 2676 magnum

252 2701 300 2760 est
323 2693 481 2776 quoddam
515 2713 595 2779 opus
628 2702 723 2777 atque
757 2694 844 2760 haud
872 2695 970 2761 sciam
1000 2717 1043 2760 an
1070 2695 1110 2762 de
1142 2695 1292 2762 humanis

250 2799 398 2882 operibus
420 2799 515 2882 longe
536 2799 727 2864 maximum:
751 2800 785 2863 in
808 2799 923 2882 quibus
945 2799 994 2864 vis
1010 2799 1142 2866 oratoris
1157 2800 1292 2884 plerum·
1311 2821 1344 2868 00

252 2922 313 2984 que
336 2903 377 2967 ab
401 2902 555 2986 imperitis
583 2903 673 2969 exitu
702 2910 734 2968 et
760 2903 894 2968 victoria
915 2901 1089 2987 iudicatur;
1118 2903 1172 2967 ubi
1199 2903 1293 2969 adest

253 3011 393 3070 armatus
415 3005 626 3089 adversarius,
651 3006 704 3089 qui
727 3006 768 3072 sit
791 3012 822 3070 01
844 3005 1007 3071 feriendus
1024 3013 1055 3071 ct
1070 3006 1291 3093 repellendus,

251 3109 306 3174 ubi
328 3129 425 3194 saepe
447 3110 475 3176 is
499 3111 552 3194 qui
575 3112 621 3176 rei
643 3109 789 3175 dominus
819 3108 942 3174 iuturus
969 3116 1017 3174 est
1044 3110 1166 3175 alienus
1195 3117 1292 3193 atque

251 3213 349 3279 iratus
360 3221 414 3278 aut
426 3215 523 3280 etiam
537 3214 659 3279 amicus
674 3211 855 3278 adversario
868 3219 899 3277 et
911 3212 1058 3278 inimicus
1069 3213 1127 3278 tibi
1140 3219 1205 3297 est;
1220 3234 1292 3279 cum

251 3324 305 3382 aut
328 3317 489 3384 docendus
511 3318 539 3383 10
562 3323 610 3383 001
625 3324 680 3382 aut
696 3315 899 3382 dedocendus
922 3322 977 3380 aut
998 3315 1219 3401 reprimendus
1235 3323 1291 3382 aut
1309 3338 1340 3385 eo

253 3421 433 3486 incitandus
445 3428 500 3486 aut
511 3420 597 3484 omni
609 3421 731 3484 ratione
742 3419 785 3484 ed
796 3426 933 3504 tempus,
944 3420 988 3485 ad
1005 3441 1133 3486 oausam
1149 3421 1291 3486 oratione

251 3522 462 3588 moderandus
486 3522 532 3607 (in
556 3541 617 3602 quo
633 3541 730 3607 saepe
746 3523 968 3589 benevolentia
984 3523 1026 3588 ad
1041 3523 1158 3605 odium,
1183 3523 1291 3590 odium
1410 3527 1411 3596 l

250 3632 357 3690 autem
379 3625 421 3688 ad
444 3625 699 3689 benevolentiam
721 3625 943 3691 deducendum
968 3626 1028 3710 est)
1050 3624 1291 3714 [0111011100-

251 3746 348 3808 quam
370 3725 604 3791 machinatione
632 3727 738 3810 aliqua
766 3735 834 3794 tum
860 3728 903 3793 ad
926 3729 1128 3795 severitatem
1156 3735 1224 3794 tum
1249 3730 1293 3796 ad
1410 3721 1411 3810 Ῐ

1410 3887 1411 3930 l
