2836 4114
291 166 352 228 160
514 181 626 236 LIBER
639 182 674 235 II.
701 180 784 235 CAP.
797 184 908 238 82—84.
934 183 1107 246 §sac-341.

289 354 448 436 quoddam
479 363 510 420 et
532 355 694 420 inlustrius
724 374 794 420 esse
816 353 1034 419 adhibendum
1057 355 1200 440 vidctur;
1231 357 1324 421 maxi·

288 480 402 541 maque
425 479 498 543 pars
521 459 671 524 orationis
693 457 895 523 admovenda
917 464 965 523 est
995 457 1037 522 ad
1059 459 1241 525 animorum
1266 481 1324 525 mo·

288 569 338 628 tus
361 584 426 629 uon
448 583 621 644 numquam
644 568 699 626 aut
721 561 937 627 cohortatione
959 567 1015 625 aut
1031 563 1323 628 commemoratione

288 667 394 748 aliqua
417 673 472 731 aut
493 667 527 730 in
555 686 643 748 spem
670 671 725 729 aut
755 665 789 729 in
818 672 938 730 metum
967 672 1022 729 aut
1051 666 1094 730 ad
1123 666 1326 751 cupiditatem

287 769 406 834 autad
436 769 568 853 gloriam
599 769 813 849 concitandos,
845 788 940 853 saepe
970 769 1066 833 etiam
1096 790 1117 834 a
1150 771 1366 836 temeritates

217 845 267 967 ἐξ
287 873 452 938 iracundia
474 893 529 956 spe
552 872 810 959 iniurianinvidia
840 871 1025 938 erudelitate
1055 872 1263 938 revocandos.
1293 873 1326 937 fit

288 983 393 1041 autem
423 982 467 1058 ut,
499 976 574 1058 quia
602 976 743 1040 maxima
769 976 860 1057 quasi
882 977 1014 1041 oratoris
1044 996 1162 1041 scaeua
1184 977 1327 1042 videatur

289 1081 394 1145 contio
422 1099 501 1160 esse,
524 1088 638 1144 natura
660 1080 729 1163 ipsa
751 1078 794 1144 ad
816 1080 958 1145 ornatius
987 1079 1116 1146 dicendi
1146 1101 1249 1164 genus
1277 1099 1326 1144 ex·

289 1184 429 1248 citemur.
475 1183 572 1254 habet
595 1183 679 1247 enim
702 1182 869 1249 multitudo
891 1183 957 1246 vim
972 1183 1134 1265 quandam
1156 1184 1263 1264 talem,
1283 1191 1326 1263 ut,

288 1307 383 1368 quem
406 1285 447 1350 ad
477 1285 605 1350 modum
639 1286 756 1351 tibicen
787 1287 856 1351 sine
885 1287 972 1352 tibiis
1002 1307 1126 1368 canere,
1155 1289 1202 1353 sio
1225 1293 1327 1352 orator
1348 1299 1385 1344 10

218 1401 267 1448 see
289 1391 357 1455 sine
380 1388 580 1454 multitudine
602 1389 752 1455 audiente
776 1390 926 1471 eloquens
957 1409 1026 1456 esse
1056 1411 1120 1456 non
1147 1392 1258 1475 possit.
1297 1398 1328 1455 et

289 1514 360 1558 cum
384 1494 448 1558 sint
473 1494 642 1577 populares
672 1493 762 1557 multi
792 1494 936 1575 variique
965 1494 1084 1578 lapsus,
1115 1494 1250 1559 vitanda
1279 1501 1327 1559 est

289 1596 477 1662 adclamatio
507 1596 643 1661 adversa
672 1597 797 1681 populi;
821 1616 904 1678 quae
934 1603 989 1662 aut
1019 1597 1170 1663 orationis
1196 1604 1328 1681 peccato

288 1701 394 1782 aliquo
417 1701 583 1781 excitatur,
606 1701 633 1764 si
655 1719 778 1784 aspere,
810 1699 836 1764 si
859 1699 1060 1783 adroganter,
1084 1700 1110 1765 si
1133 1701 1277 1784 turpiter,
1301 1701 1328 1764 si

289 1804 425 1885 sordide,
449 1804 475 1869 si
499 1824 561 1885 quo
584 1803 683 1867 animi
705 1804 781 1868 vitio
805 1803 924 1868 dictum
947 1823 1017 1869 esse
1039 1802 1160 1886 aliquid
1189 1804 1326 1885 videtur,
1346 1817 1379 1863 ro

289 1916 344 1972 aut
366 1907 530 1972 hominum
553 1907 728 1972 offensione
750 1907 802 1971 vel
823 1906 955 1987 invidia,
979 1926 1061 1988 quae
1084 1914 1140 1971 aut
1166 1907 1251 1972 iusta
1279 1914 1329 1973 est

288 2020 343 2076 aut
367 2031 407 2076 ex
431 2011 650 2077 criminatione
672 2017 768 2092 atque
790 2009 886 2090 fama,
909 2017 1037 2075 autres
1060 2010 1086 2076 si
1101 2009 1249 2095 displicet
1275 2018 1329 2076 aut

289 2116 315 2179 si
339 2115 441 2180 estin
465 2115 570 2197 aliquo
594 2119 681 2179 motu
703 2133 779 2178 suae
802 2113 986 2197 cupiditatis
1016 2120 1071 2178 aut
1101 2121 1204 2178 metus
1227 2115 1329 2178 multi-

178 2272 180 2276 .
288 2219 373 2283 tudo.
420 2217 469 2283 his
491 2225 639 2299 quattuor
663 2218 766 2282 causis
796 2217 928 2282 totidem
958 2216 1137 2282 medicinae
1166 2238 1330 2302 opponun-

288 2328 354 2385 tur:
386 2329 453 2386 tum
483 2322 668 2405 obiurgatio,
700 2321 728 2385 si
758 2327 806 2385 est
828 2321 1014 2404 auctoritas,
1044 2327 1113 2384 tum
1142 2320 1328 2402 admonitio,
1348 2333 1381 2382 ac

289 2424 379 2505 quasi
401 2424 501 2488 lenior
524 2424 717 2507 obiurgatio,
741 2430 808 2488 tum
830 2424 1006 2508 promissio,
1029 2424 1056 2490 si
1071 2423 1241 2505 audierint,
1263 2446 1331 2509 pro-

289 2529 432 2611 baturos,
467 2535 534 2591 tum
564 2526 756 2610 deprecatio,
787 2527 872 2609 quod
903 2534 951 2592 est
980 2526 1133 2608 infimum,
1168 2528 1227 2594 sed
1264 2550 1328 2594 non

218 2641 461 2712 menumquam
484 2631 569 2695 utile.
615 2632 701 2695 nullo
724 2639 830 2696 autem
852 2631 921 2697 loco
945 2631 1079 2696 facetiae
1102 2633 1174 2715 plus
1196 2641 1330 2716 prosunt

289 2739 321 2798 et
344 2733 488 2798 celeritas
512 2740 543 2798 et
565 2734 662 2799 breve
685 2734 814 2816 aliquod
836 2734 955 2799 dictum
986 2755 1046 2799 nec
1074 2735 1142 2800 sine
1172 2735 1329 2819 dignitate

290 2845 321 2901 et
344 2857 415 2900 oum
437 2837 561 2920 lepore,
585 2837 664 2901 nihil
687 2837 773 2902 enim
795 2845 860 2903 tam
884 2838 977 2903 facile
1001 2859 1096 2921 quam
1118 2838 1288 2905 multitudo
1311 2851 1380 2904 aaa

290 2940 416 3004 tristitia
440 2948 471 3005 et
494 2961 590 3024 saepe
613 2943 654 3006 ab
677 2942 850 3006 acerbitate
874 2941 1038 3007 commode
1070 2949 1101 3006 et
1130 2942 1272 3008 breviter
1300 2951 1331 3007 et

289 3050 381 3108 acute
405 3051 436 3108 et
457 3043 557 3109 hilare
580 3044 664 3110 dicto
688 3044 862 3110 deducitur.

228 3155 265 3209 84
393 3147 536 3232 Exposui
565 3148 642 3229 lere,
670 3156 705 3212 ut
734 3149 832 3232 potui,
863 3149 955 3215 vobis
985 3149 1018 3213 in
1048 3155 1181 3232 utroque
1210 3171 1329 3233 genere

290 3272 455 3317 causarum
479 3271 559 3334 quae
583 3252 672 3333 sequi
695 3252 838 3330 solerem,
864 3272 945 3333 quae
977 3252 1097 3336 lugere,
1129 3272 1210 3334 quac
1242 3273 1328 3338 speo-

219 3367 268 3414 341
289 3364 367 3437 tare,
399 3354 546 3444 quelque]
582 3356 710 3419 omnino
740 3355 773 3418 iu
805 3356 908 3419 causis
939 3355 1061 3420 ratione
1090 3356 1219 3421 versari.
1266 3377 1326 3422 nec
1347 3367 1376 3415 30

289 3459 366 3524 illud
388 3461 515 3524 tertium
537 3458 753 3524 laudationum
776 3479 879 3542 genus
909 3466 958 3524 est
981 3459 1120 3541 difficile,
1151 3459 1236 3541 quod
1267 3480 1327 3543 ego

289 3563 378 3626 initio
401 3564 492 3643 quasi
516 3584 535 3626 a
557 3562 735 3645 praeceptis
757 3562 873 3627 nostris
896 3582 1111 3646 secreveram3
1136 3562 1239 3628 sedet
1256 3565 1330 3645 quia

290 3664 389 3728 multa
413 3673 485 3729 sunt
508 3665 684 3731 orationum
706 3684 825 3748 genera
848 3673 880 3730 et
902 3665 1049 3748 graviora
1072 3672 1103 3730 et
1126 3666 1253 3734 maioris
1282 3688 1329 3732 co-

290 3766 362 3850 piae
397 3767 436 3831 de
468 3770 583 3850 quibus
613 3787 706 3832 nemo
741 3767 809 3832 fere
843 3769 1052 3852 praeciperet,
1088 3775 1120 3832 et
1153 3768 1237 3852 quod
1272 3791 1330 3836 nos
