2834 4110
268 201 382 255 umare
396 200 433 255 11.
465 201 671 260 omes-oc.
702 205 883 266 saca-noa.
1037 187 1094 250 141

45 376 137 458 potui
165 374 256 440 mihi’
281 375 384 458 inquit
406 375 517 440 Lamia
538 369 683 442 ‘formam
698 375 768 460 ipse
783 376 914 460 fingere,
935 376 1098 461 ingenium

46 474 165 561 potui?
188 485 258 543 turn
281 478 333 543 bic
355 472 542 545 ‘audiamus'
565 481 668 564 inquit
683 473 871 565 ‘disertum'3
888 480 986 545 multo
1002 481 1099 545 etiam

47 580 197 648 adrisum
230 587 279 648 est
307 582 536 650 vehementius.
582 591 656 650 sunt
687 584 783 648 etiarn
813 585 868 649 illa
895 591 1040 666 venusta,
1064 591 1099 650 ut

47 685 80 749 in
102 687 266 770 gravibus
289 687 454 753 sententiis
476 688 521 754 sie
543 689 576 753 in
598 689 723 754 facetiis
738 727 780 735 —
795 688 864 754 dixi
880 689 964 753 enim
981 688 1100 753 dudum

18 791 213 857 orationem
237 791 333 856 aliam
357 811 427 858 esse
450 792 519 873 ioci,
542 793 637 858 aliam
661 792 850 874 severitatis,
878 792 1024 876 gravium
1047 811 1099 856 au-

50 899 112 958 tern
139 902 173 959 et
196 894 338 960 iocorum
354 916 452 959 unam
475 915 544 961 esse
566 895 732 961 materiam
755 935 797 942 —
820 903 933 961 omant
955 896 1052 979 igitur
1066 896 1100 961 in
1118 907 1170 957 aaa
1261 963 1264 968 ¹

49 999 163 1081 primis
187 997 365 1064 orationem
389 999 487 1064 verba
508 1000 608 1064 relata
631 999 795 1064 contrarie.
842 999 926 1082 quod
948 998 1033 1066 idem
1049 1021 1101 1084 ge-

51 1123 112 1167 nus
143 1110 195 1168 est
221 1121 324 1186 saepe
358 1102 454 1167 etiarn
483 1101 640 1188 facetum;
675 1109 710 1166 ut
744 1103 874 1168 Servius
906 1103 958 1168 ille
986 1105 1099 1188 Galba,

52 1227 124 1272 cnm
147 1205 274 1271 iudices
297 1205 332 1270 L.
349 1205 513 1272 Scribonio
535 1207 661 1271 tribuno
683 1207 787 1290 plebis
808 1205 904 1271 ferret
934 1206 1100 1275 familiaris

10 1317 36 1364 ¹0
54 1329 127 1376 suos
152 1316 186 1374 et
209 1309 344 1376 dixisset
366 1309 446 1375 Libo
469 1307 605 1392 ‘quando
621 1309 760 1392 tandem,
778 1310 890 1392 Galba,
907 1309 947 1375 de
965 1313 1098 1379 triclinio

54 1419 107 1480 tuo
131 1413 240 1478 exibis
249 1408 277 1476 ‘l'
299 1405 383 1478 ‘cum
405 1408 450 1477 tu’
471 1412 574 1497 inquit
596 1407 647 1478 ‘de
670 1414 815 1479 cubiculo
838 1411 964 1479 alieno.³
996 1436 1016 1480 a
1039 1436 1100 1498 quo

56 1537 174 1600 genere
200 1537 240 1581 ne
262 1516 340 1580 illud
363 1515 491 1599 quidem
513 1517 682 1602 plurimum
713 1517 819 1599 distat,
850 1518 934 1600 quod
967 1519 1100 1585 Glaucia

57 1621 186 1686 Metello
209 1613 329 1685 ivillam
352 1621 386 1685 in
408 1621 532 1686 Tiburti
554 1621 665 1703 habes,
689 1628 807 1687 cortem
829 1621 862 1686 in
885 1617 1030 1687 Palatio'

161 1726 210 1790 Aa
240 1725 408 1789 verborum
438 1725 565 1807 quidem
596 1745 715 1810 genera
746 1745 826 1808 quae
847 1731 964 1790 *essent
994 1725 1099 1790 faceta
1118 1699 1169 1820 {³5³4

18 1845 44 1891 15
61 1831 181 1896 dixisse
210 1849 262 1894 me
293 1835 378 1914 puto.
423 1850 527 1895 rerum
557 1831 648 1914 plura
678 1835 751 1895 sunt
782 1849 882 1912 eaque
917 1829 1029 1913 magis,
1064 1834 1098 1894 ut

62 1933 229 2015 dixiante,
251 1931 458 2017 ridentu13in
481 1934 596 2016 quibus
619 1939 667 1998 est
690 1934 838 2016 narratio,
861 1953 912 1998 res
940 1952 1017 1998 sane
1041 1931 1099 1996 dif-

3 2031 5 2071 l
62 2037 159 2103 fieilis.
207 2035 416 2120 exprimenda
439 2037 523 2102 enirn
547 2043 621 2103 sunt
648 2044 679 2102 et
708 2036 857 2122 ponenda
887 2041 963 2101 ante
993 2037 1099 2101 oculos

4 2205 6 2230 ,
64 2162 100 2206 ea
121 2161 203 2224 quae
226 2141 395 2205 videantur
427 2146 459 2205 et
490 2141 556 2205 veri
588 2141 712 2222 similia,
744 2140 829 2224 quod
859 2146 908 2204 est
937 2139 1098 2225 proprium

65 2245 260 2325 narrationis
293 2251 324 2308 et
355 2263 436 2326 quae
466 2244 539 2329 sint,
571 2245 655 2328 quod
688 2244 812 2312 ridiculi
845 2244 1006 2329 proprium
1040 2249 1097 2324 est,

21 2361 49 2408 ao
65 2349 233 2434 subturpia.
281 2348 369 2413 cuius
400 2350 591 2433 exemplum,
622 2354 657 2413 ut
686 2349 919 2429 brevissimum,
950 2349 991 2414 sit
1021 2367 1098 2414 sane

5 2501 6 2524 ,
65 2452 138 2516 illud
167 2450 251 2534 quod
281 2456 356 2515 ante
384 2451 485 2535 posui,
509 2452 615 2517 Crassi
646 2451 687 2516 de
708 2451 866 2518 Memmio.
913 2459 944 2517 et
975 2452 1099 2517 adhoc

5 2569 7 2654 l
67 2576 162 2640 genus
183 2554 380 2620 ascribamus
402 2555 497 2620 etiarn
519 2556 717 2620 narrationes
744 2556 959 2642 apologorum.
1007 2555 1099 2621 trahi·
1117 2566 1168 2616 aas

5 2675 6 2704 ³
67 2666 114 2724 tur
135 2659 229 2724 etiam
267 2657 388 2740 aliquid
419 2679 459 2723 ex
490 2658 637 2742 historia;
668 2665 712 2740 ut,
745 2680 816 2725 curn
847 2660 921 2725 Sex.
938 2661 1041 2725 Titius
1064 2679 1099 2725 se

6 2781 8 2806 ¹
69 2761 273 2828 Gassandram
296 2780 367 2825 esse
389 2761 518 2843 diceret,
542 2755 678 2827 ‘multos'
700 2763 805 2847 inquit
833 2763 991 2829 Antonius
1021 2758 1100 2848 ‘pos-

27 2879 54 2926 sa
70 2886 134 2930 sum
155 2872 225 2930 tuos
247 2864 363 2930 Aiaces
386 2865 491 2931 Oileos
514 2860 699 2930 nominare.³
744 2873 792 2933 est
816 2866 911 2930 etiarn
934 2888 975 2932 ex
995 2865 1100 2933 simili-

6 2969 7 2982 ’
70 2970 181 3050 tudine,
206 2989 288 3050 quae
310 2974 364 3032 aut
388 2969 597 3034 conlationem
627 2969 724 3034 habet
754 2974 810 3033 aut
840 2975 1002 3052 tamquam
1025 2971 1100 3034 ima-

70 3073 178 3158 ginem.
213 3071 441 3137 conlationem:
458 3079 492 3137 ut
508 3072 560 3137 ille
576 3072 686 3138 Gallus
701 3073 774 3138 olim
790 3074 880 3138 testis
895 3073 929 3137 in
942 3075 1099 3154 Pisonem,

73 3197 138 3241 eum
157 3175 419 3240 innumerabilem
442 3175 547 3260 Magio
577 3175 737 3260 praefecto
767 3175 935 3260 pecuniam
967 3175 1101 3241 dixisset

73 3280 170 3345 datam
191 3279 289 3362 idque
312 3279 447 3344 Scaurus
470 3279 624 3344 tenuitate
639 3280 738 3364 Magii
753 3278 967 3362 redargueret,
991 3270 1099 3342 ‘erras'

7 3377 59 3446 ‘ao
74 3385 165 3467 inquit
185 3377 331 3468 ‘Scaure3
356 3403 416 3468 ego
440 3384 524 3448 enim
546 3384 687 3467 Magium
709 3405 774 3449 non
798 3399 1003 3449 conservasse
1019 3378 1099 3462 dico,

8 3519 10 3616 Ι
76 3487 136 3570 sed,
149 3495 307 3569 tamquam
328 3486 432 3552 nudus
447 3507 545 3552 nuces
566 3488 696 3570 legeret,
720 3488 753 3551 in
776 3493 888 3552 ventre
910 3480 1101 3548 abstulisse?

8 3619 9 3690 t
77 3597 107 3656 ut
127 3589 197 3656 ilud
218 3589 260 3653 M.
278 3589 387 3655 Gicero
410 3609 521 3670 senex,
543 3589 638 3655 huius
661 3589 721 3654 viri
744 3587 853 3673 optimi
882 3585 983 3650 nostri
1012 3585 1101 3651 fami-

77 3695 153 3761 liaris
172 3700 271 3780 pater,
296 3686 430 3760 ‘nostros
457 3693 601 3760 homines
631 3693 749 3758 similes
780 3711 850 3758 esse
872 3689 1023 3753 Surorum
1051 3711 1102 3755 ve·

80 3800 199 3866 uallum:
222 3803 257 3862 ut
280 3797 413 3881 quisque
440 3798 558 3882 optime
581 3798 702 3864 Graece
733 3795 836 3876 sciret,
870 3792 916 3857 ita
945 3811 1015 3857 esse
1049 3815 1102 3859 ne-
