2836 4114
341 209 452 264 LIBER
465 211 516 264 ΙΙΙ.
542 211 624 266 CAP.
638 214 749 266 21-22.
774 213 911 275 §80-84.
1085 195 1142 256 191

4 451 5 472 ,
100 383 279 448 vehemens
295 389 327 448 et
341 385 449 467 gravis
468 405 529 450 nec
552 385 620 450 sine
643 384 797 450 varietate
820 384 982 449 doctrinae
999 384 1078 449 satis
1093 405 1144 467 po-

4 479 8 518 i
100 489 178 552 litus
213 493 245 551 et
278 487 405 570 sapiens
436 508 504 554 esse
536 495 639 554 orator
673 494 784 572 potest.
832 508 894 570 qua
916 508 958 577 re
994 488 1145 554 Coracem
1164 502 1196 548 ιιι

4 531 10 682 l
100 592 202 656 istum
225 597 366 655 veterem
388 592 546 675 patiamur
569 612 627 658 nos
660 591 786 673 quidem
817 591 918 674 pullos
947 611 1020 657 suos
1043 592 1145 656 euolu-

5 716 12 813 Ι
102 694 182 759 dere
204 693 238 757 in
260 692 346 774 nido,
371 695 424 776 qui
449 695 575 761 evolent
598 696 784 761 clamatores
814 694 915 761 odiosi
944 715 982 759 ac
1012 695 1146 775 molesti,

5 816 12 941 p
67 797 371 882 sPamphilumquc
394 799 501 864 nescio
524 818 618 880 quem
647 799 788 864 sinamus
821 799 854 862 in
886 797 994 864 infulis
1025 804 1146 863 tantam

6 981 7 986 ἵ
102 921 174 965 rem
197 905 360 981 tamquam
382 902 511 984 puerilis
526 901 657 967 delicias
673 902 797 984 aliquas
813 900 1002 986 depingere3
1028 921 1147 982 nosque

6 1009 13 1072 l
103 1004 169 1088 ipsi
192 1003 254 1068 hac
276 1010 341 1068 tam
373 1005 492 1088 exigua
522 1004 736 1089 disputatione
764 1005 904 1070 hesterni
939 1013 971 1071 et
1003 1004 1174 1070 hodierni,

6 1075 13 1139 l
103 1106 172 1172 diei
194 1113 295 1171 totum
318 1109 451 1174 oratoris
482 1127 596 1172 munus
627 1108 833 1192 explicemus,
865 1108 941 1173 dum
972 1108 1065 1174 modo
1096 1108 1149 1172 illa

103 1230 157 1276 res
181 1216 271 1274 tanta
287 1211 337 1291 sit,
361 1218 395 1275 ut
411 1211 557 1277 omnibus
572 1210 830 1296 philosophorum
846 1213 944 1294 libris,
962 1233 1040 1295 quos
1057 1231 1149 1276 nemo

55 1326 85 1373 10
107 1311 290 1401 [oratorum]
322 1313 452 1379 istorum
487 1335 635 1397 umquam
667 1315 782 1398 attigit,
818 1316 1046 1400 comprehensa
1080 1335 1150 1380 esse

105 1417 217 1482 videat
204 1417 276 1481 t.'ur

1171 1493 1209 1546 22

213 1521 294 1584 Tum
318 1522 448 1587 Catulus
472 1521 727 1604 haudquaquam
751 1520 865 1586 hercle
890 1521 993 1603 inquit
1016 1522 1150 1601 Crasse,
1170 1567 1203 1615 32

106 1622 289 1689 mirandum
312 1631 360 1688 est
384 1643 453 1690 esse
483 1626 516 1689 in
551 1631 583 1690 te
613 1631 734 1689 tantam
766 1622 891 1688 dicendi
923 1625 973 1688 vel
1004 1625 1069 1688 uim
1101 1625 1152 1690 vel

6 1672 46 1773 l'
108 1725 302 1793 suavitatem
324 1727 376 1791 vel
399 1727 539 1812 copiam;
564 1747 658 1810 quem
683 1725 811 1808 quidem
838 1731 934 1790 antea
963 1732 1078 1792 natura
1107 1747 1152 1792 re-

6 1826 144 2031 lt
58 1843 88 1890 ιι
109 1832 171 1896 bar
193 1830 238 1894 ita
261 1828 376 1910 dicere,
400 1837 435 1894 ut
458 1830 535 1895 mihi
567 1852 630 1896 non
662 1830 762 1896 solum
785 1836 854 1894 orat
855 1851 890 1894 cr
913 1849 1064 1910 summus,
1096 1829 1153 1895 sed

7 2034 13 2085 l

7 2111 13 2255 l

111 1934 209 2000 etiam
233 1933 359 2017 sapient
360 1933 486 1999 issimus
508 1933 602 2000 homo
625 1933 786 1998 vidererze
819 1953 904 1998 nunc
927 1934 1077 2018 intellego
1100 1934 1154 1998 illa

110 2046 144 2103 te
179 2055 305 2120 semper
335 2036 430 2102 etiam
461 2037 584 2121 potiora
614 2035 743 2102 duxisse
775 2057 855 2119 quae
889 2036 930 2100 ad
965 2037 1090 2120 sapient
1091 2038 1154 2101 iam

110 2145 303 2225 spectarent
327 2145 423 2221 tque
453 2159 493 2204 ex
516 2139 567 2204 his
593 2139 677 2204 hanc
707 2139 834 2205 dicendi
863 2141 986 2224 copiam
1013 2139 1153 2204 fluxisse.

111 2242 171 2310 sed
194 2249 300 2307 tamen
325 2262 396 2306 cum
419 2243 521 2308 omnis
544 2242 662 2325 gradus
685 2243 780 2308 aetat
772 2263 799 2308 rs
759 2242 995 2309 ttrecordor
983 2249 1056 2307 tuae
1073 2263 1155 2307 cum-

59 2359 92 2406 ιο
112 2366 176 2430 que
199 2345 297 2409 vitam
320 2351 407 2409 tuam
430 2366 468 2410 ac
491 2345 596 2410 studia
612 2345 788 2427 considero,
812 2366 916 2428 neque
932 2367 994 2430 quc
1015 2354 1156 2430 tempore

110 2451 176 2514 ista
198 2447 346 2513 didiceris
369 2447 463 2513 video
486 2469 546 2514 nee
569 2470 685 2533 magno
708 2469 804 2534 opere
827 2456 858 2514 te
881 2449 951 2517 istis
972 2448 1085 2515 studiis
1106 2448 1157 2513 ho-

111 2552 253 2618 minibus
275 2552 365 2617 libris
386 2552 536 2636 intellego
559 2550 711 2617 deditum.
758 2573 861 2635 neque
892 2560 1001 2620 tamen
1029 2573 1159 2639 possum

5 2636 14 2767 ,l
113 2663 253 2722 statuere
276 2661 381 2719 utrum
404 2655 506 2738 magis
528 2655 621 2721 mirer
644 2661 675 2719 te
698 2656 762 2735 illa,
787 2676 868 2738 quae
889 2657 968 2723 mihi
984 2654 1161 2741 persuades

113 2759 256 2823 maxima
278 2777 348 2824 csse
371 2757 564 2839 adiumenta,
587 2759 729 2842 potuisse
751 2759 785 2822 in
809 2760 872 2825 tuis
895 2759 996 2826 tantis
1027 2778 1161 2844 occupa-

61 2874 94 2922 ιι
114 2861 254 2927 tionibus
276 2860 465 2946 perdiscere,
490 2883 541 2942 an,
566 2862 592 2926 si
615 2883 678 2926 non
701 2863 851 2946 potueris,
875 2884 972 2947 posse
988 2865 1050 2930 istc
1066 2863 1161 2929 modo

69 2951 75 2960 ’
115 2963 241 3030 dicere?
279 2964 332 3028 hic
356 2965 488 3030 Crassus
523 2963 593 3029 ‘hoc
622 2965 690 3028 tibi*
723 2965 825 3046 inquit
856 2966 999 3054 Catule,
1021 2967 1156 3054 primum
1177 2979 1210 3029 83

115 3067 308 3151 persuadeas
330 3068 436 3147 velim,
460 3088 596 3132 menon
620 3067 717 3133 multo
749 3087 842 3134 secus
872 3068 988 3151 facere,
1021 3091 1092 3136 cum
1116 3072 1156 3136 de

117 3179 239 3237 oratore
262 3170 431 3254 disputem,
454 3191 493 3235 ac
515 3170 662 3251 facerem,
687 3171 714 3234 si
738 3178 821 3236 esset
844 3172 922 3236 mihi
945 3172 986 3238 de
1003 3174 1156 3239 histrione

2 3322 7 3357 ,
118 3274 295 3340 dicendum.
342 3295 494 3358 negarem
528 3275 612 3340 enim
646 3294 740 3358 posse
774 3295 846 3340 eum
880 3277 957 3341 satis
991 3277 1097 3342 facere
1123 3279 1157 3343 in

65 3385 219 3462 adgestu,
244 3379 306 3444 uisi
328 3379 530 3462 palaestram,
554 3379 615 3444 nisi
639 3380 755 3444 saltare
777 3378 958 3462 didicisset;
982 3401 1095 3462 neque,
1120 3401 1158 3445 ea

118 3502 187 3547 cum
222 3480 370 3563 dicerem,
403 3502 454 3547 me
486 3502 555 3547 esse
589 3481 775 3548 histrionem
809 3502 941 3547 necesse
974 3490 1066 3562 esset,
1102 3483 1158 3549 sed

117 3585 252 3652 fortasse
275 3607 339 3651 non
363 3586 492 3651 stultum
515 3585 609 3649 alieni
633 3585 758 3650 artificii
779 3585 1036 3650 existimatorem.
1077 3587 1158 3650 simi·
1177 3599 1211 3645 84

118 3689 188 3754 liter
211 3709 297 3754 nunc
319 3688 360 3752 de
384 3695 505 3758 oratore
527 3695 633 3752 vestro
655 3688 792 3772 impulsu
815 3688 933 3768 loquor,
958 3707 1078 3752 summo
1102 3688 1157 3752 sci-

117 3792 199 3857 licet.
247 3811 372 3876 semper
406 3790 490 3855 enim
526 3810 725 3873 quacumque
756 3790 796 3855 de
826 3797 893 3854 arte
924 3796 978 3853 aut
1007 3789 1158 3854 facultate
