2866 4110
326 199 440 252 ursan
459 199 480 252 1.
511 199 593 253 osc.
608 203 718 256 es-ec.
750 202 933 268 §ror-res.
1105 185 1146 248 39

100 372 248 453 viderim,
274 378 310 436 et
334 377 495 454 tamquam
518 373 552 436 in
575 372 713 454 aliquam
735 373 923 457 locupletem
945 392 984 437 ac
999 372 1146 438 refertam

100 475 231 542 domum
266 476 422 557 venerim,
454 497 517 541 non
549 476 708 560 explicata
739 483 828 542 veste
858 497 961 559 neque
988 477 1146 560 proposito

101 587 235 664 argento
260 598 370 660 neque
391 580 506 645 tabulis
530 586 562 644 ct
585 581 685 662 signis
707 580 870 664 propalam
894 580 1074 662 conlocatis,
1090 579 1148 645 sed

102 683 150 747 his
179 683 336 748 omnibus
367 683 473 748 multis
503 684 742 767 magnificisque
773 685 867 750 rebus
896 683 1082 750 constructis
1109 703 1147 746 ac
1189 742 1193 749 .

72 787 295 870 sreconditis5
332 785 378 850 sic
408 785 501 852 modo
532 787 564 850 in
593 786 735 854 oratione
763 787 869 854 Crassi
896 787 1024 852 divitias
1054 793 1147 868 atque

103 897 297 955 ornamenta
328 889 395 954 cius
426 889 547 974 ingenii
577 910 633 974 per
667 890 825 972 quaedam
854 891 1016 956 involucra
1052 896 1148 971 atque

104 993 330 1078 integumenta
353 994 490 1076 percepi,
514 993 571 1058 sed
594 1014 632 1059 ea
655 994 862 1076 contemplari
889 1014 960 1058 cum
989 1013 1147 1077 cuperem,

105 1098 159 1161 vix
195 1095 378 1181 aspiciendi
411 1103 552 1180 potestas
585 1097 654 1162 fuit.
701 1098 808 1177 itaque
842 1117 901 1162 nec
931 1097 991 1160 hoc
1021 1117 1149 1182 possum

106 1199 222 1282 dicere,
246 1220 301 1264 me
316 1200 444 1265 omnino
467 1200 611 1284 ignorare
636 1201 711 1282 quid
734 1201 905 1283 possideat,
929 1220 1033 1282 neque
1055 1201 1150 1285 plane

60 1325 89 1369 ro
106 1325 200 1370 nosse
223 1311 323 1386 atque
346 1299 487 1369 vidisse.³
532 1296 619 1385 ‘quin
643 1311 677 1368 tu
700 1304 796 1387 igitur
818 1304 898 1370 facis
925 1301 1021 1369 idem'
1048 1303 1150 1386 inquit
1170 1313 1218 1360 162

107 1409 263 1474 Scaevola
286 1400 382 1488 ‘quod
412 1406 544 1488 faceres,
575 1407 601 1472 si
633 1406 666 1472 in
693 1407 833 1487 aliquam
861 1407 990 1474 domum
1023 1408 1150 1490 plenam

108 1517 368 1576 ornamentorum
390 1510 535 1575 villamve
557 1510 727 1576 venisses?
766 1509 792 1573 si
816 1531 854 1576 ea
877 1510 1025 1594 seposita,
1049 1516 1083 1574 ut
1108 1509 1150 1572 di·
1206 1494 1207 1498 ¹
1269 1509 1272 1513 ’

109 1616 163 1696 cis,
187 1618 308 1694 essent,
332 1618 376 1694 tn,
404 1613 457 1695 qui
485 1612 579 1678 valdo
610 1611 776 1697 spectandi
800 1613 934 1698 cupidus
962 1633 1058 1694 esses,
1087 1633 1151 1678 non

110 1719 274 1784 dubitares
290 1704 409 1800 'rogare
433 1715 594 1781 dominum
610 1723 645 1781 nt
660 1716 793 1801 proferri
809 1718 941 1796 iuberet,
966 1711 1151 1799 praesertim

66 1841 92 1885 rs
111 1822 137 1886 si
166 1842 255 1887 esses
288 1820 461 1886 familiaris.
516 1821 658 1886 similiter
689 1840 775 1899 nnnc
808 1827 897 1905 petes
925 1840 945 1882 a
972 1819 1086 1884 Crasso
1117 1825 1152 1882 ut

111 1926 196 1989 illam
220 1923 346 2008 copiam
369 1930 624 1990 ornamentorum
651 1944 788 2003 suorum,
818 1944 912 2006 quam
940 1928 1152 2006 constructam

59 2079 62 2085 .
112 2027 173 2094 nno
196 2030 231 2093 in
254 2029 324 2093 loco
348 2028 437 2108 quasi
460 2047 516 2110 per
538 2033 742 2093 transennam
758 2031 997 2111 praetereuntes
1020 2024 1152 2089 strictim
1246 2077 1251 2084 .

114 2134 307 2216 aspeximus,
339 2131 372 2195 in
392 2131 504 2195 lucem
536 2131 675 2214 proferat
706 2137 738 2195 11
768 2151 824 2196 suo
856 2129 992 2212 quidque
1019 2129 1053 2193 in
1083 2128 1151 2193 loco

115 2232 277 2301 conlocet.²
323 2227 394 2318 ‘ego
422 2231 508 2299 vero'
536 2234 639 2316 inquit
662 2237 755 2301 Cotta
778 2227 862 2298 ‘ate
884 2240 968 2318 peto,
997 2231 1152 2299 Scaevola
1171 2240 1221 2288 163

67 2352 98 2399 ro
116 2375 155 2384 -
176 2360 228 2404 me
252 2338 339 2403 enim
362 2344 393 2403 et
416 2337 501 2416 hunc
516 2337 687 2422 Sulpicium
704 2337 837 2421 impedit
853 2337 953 2422 pudor
968 2337 1009 2401 ab
1025 2335 1152 2400 homine
1239 2321 1242 2326 ⁵

117 2443 253 2507 omnium
276 2441 476 2525 gravissimo,
505 2442 559 2523 qui
581 2462 683 2526 genus
705 2441 799 2506 huius
822 2440 907 2506 modi
929 2437 1152 2524 disputationis

119 2565 239 2630 semper
267 2544 501 2626 contempserit,
525 2545 614 2628 haec,
638 2564 720 2628 quae
749 2544 801 2609 isti
827 2544 959 2610 forsitan
987 2561 1153 2627 puerorum

120 2649 273 2715 elementa
295 2635 473 2728 videantur,
497 2649 720 2729 exquirere-
741 2647 798 2712 scd
821 2655 855 2711 111
878 2648 961 2711 hanc
983 2647 1075 2711 nobis
1102 2664 1153 2708 ve-

118 2753 208 2833 niam,
232 2752 397 2834 Scaevola,
429 2750 471 2815 da
495 2749 562 2836 leti:
595 2745 716 2835 perfice
741 2757 776 2814 ut
799 2752 930 2816 Crassus
958 2750 1047 2830 haec,
1072 2766 1153 2829 quae

70 2865 101 2912 25
118 2856 267 2920 coartavit
291 2861 322 2919 et
345 2860 539 2938 peranguste
561 2853 688 2920 refersit
717 2853 750 2917 in
778 2854 919 2919 oratione
947 2873 1014 2934 sua,
1042 2851 1153 2916 dilatet
1248 2885 1250 2890 ,
1317 2851 1319 2858 '

117 2959 205 3023 nobis
238 2965 335 3040 atque
368 2953 527 3041 explicet?
571 2950 643 3040 ‘ego
670 2954 861 3022 mehercule'
895 2957 999 3037 inquit
1031 2954 1153 3018 Mucius
1175 2961 1223 3009 164

118 3054 219 3128 ‘antea
242 3067 349 3128 vestra
372 3061 475 3144 magis
497 3060 557 3125 hoc
580 3080 677 3125 causa
700 3061 847 3125 volebam
870 3080 966 3143 quam
989 3078 1073 3141 mea;
1102 3077 1153 3121 ne-

120 3184 175 3245 que
198 3165 283 3230 enim
306 3171 394 3229 tanto
418 3183 513 3247 opere
535 3163 619 3227 hanc
649 3183 669 3226 a
693 3163 806 3229 Crasso
834 3163 1080 3248 disputationem
1104 3159 1154 3224 de-

120 3267 305 3349 siderabam,
323 3274 440 3349 quanto
459 3287 554 3351 opere
577 3267 645 3331 cius
667 3267 701 3331 in
725 3266 827 3332 causis
847 3265 990 3331 oratione
1006 3263 1153 3328 delector.

75 3377 105 3426 30
121 3391 199 3438 nunc
221 3393 308 3454 vero,
338 3372 461 3451 Crasse,
489 3391 561 3435 mea
588 3389 712 3451 quoque
740 3369 858 3433 teiam
888 3387 985 3432 causa
1006 3384 1082 3447 rogo
1109 3371 1154 3444 ut,

121 3477 265 3555 quoniam
289 3481 413 3538 tantum
437 3473 592 3538 habemus
619 3472 674 3536 otii
705 3477 859 3553 qnantum
887 3472 951 3535 iam
979 3467 1033 3531 diu
1064 3467 1155 3532 nobis

122 3598 179 3643 non
202 3579 344 3662 contigit,
368 3599 409 3643 ne
431 3596 565 3661 gravere
593 3574 804 3640 exaedificare
831 3573 865 3637 id
893 3591 972 3653 opus
999 3568 1085 3649 quod
1111 3570 1156 3633 in-

105 3682 255 3748 stituisti.
302 3681 437 3746 formam
460 3680 544 3745 enim
568 3679 664 3744 totius
686 3675 805 3759 negotii
822 3673 971 3758 opinione
994 3669 1155 3736 meliorem

122 3786 329 3867 maioremque
352 3783 456 3863 video,
481 3803 576 3864 qnam
591 3780 796 3845 vehementer
812 3769 932 3858 probo.²
970 3766 1156 3839 ‘enimvero'
1176 3743 1226 3863 lis
