2866 4110
322 226 433 280 crena
451 227 473 279 1.
504 227 712 284 OAP.57-58.
743 230 922 292 ean-247.
1094 212 1135 275 63

97 398 303 483 defenderet;
327 406 360 464 at
382 400 415 463 in
438 399 498 464 hoc
519 421 637 484 genere
653 402 742 483 pueri
757 401 843 484 apud
862 402 1029 484 magistros
1049 422 1136 466 exer-

97 509 207 568 centur
230 522 354 583 omncs,
378 523 449 568 cum
471 505 504 568 in
530 503 598 569 eius
625 503 710 570 modi
737 504 840 569 causis
870 505 949 569 alias
976 504 1135 587 scriptum,

96 607 174 670 alias
196 605 396 687 aequitatem
418 605 590 672 defendere
613 607 774 672 docentur.
813 615 853 688 et,
885 607 988 687 credo,
1018 607 1052 671 in
1083 608 1136 672 illa
1155 626 1205 674 aas

96 709 204 774 militis
228 729 338 789 causa,
362 709 388 773 si
410 716 443 774 tu
466 717 519 774 aut
541 710 690 776 heredem
712 717 767 775 aut
781 711 913 776 militem
929 709 1136 792 defendisses,

62 826 78 872 5
96 812 137 876 ad
159 812 360 877 Hostilianas
382 819 413 876 te
436 814 585 894 actiones,
608 834 672 879 non
694 813 736 878 ad
759 820 845 878 tuam
872 815 937 878 vim
960 819 992 878 et
1014 813 1056 877 ad
1072 835 1137 878 ora·

96 915 210 980 toriam
225 915 413 980 facultatem
429 916 628 982 contulisses!
653 924 688 982 tu
703 937 788 996 vero,
806 917 856 981 vel
872 918 898 982 si
914 923 1137 982 testamentum

83 1017 299 1098 defenderes,
324 1018 370 1083 sic
395 1039 516 1102 ageres,
540 1026 575 1084 ut
602 1040 694 1084 omne
717 1020 855 1085 omnium
878 1026 1136 1085 testamentorum

97 1123 145 1186 ius
166 1123 201 1186 in
226 1142 264 1186 eo
288 1120 404 1186 iudicio
427 1123 564 1206 positum
586 1122 755 1204 videretur,
773 1124 824 1187 vel
839 1123 866 1188 si
882 1144 1010 1189 causam
1024 1143 1137 1207 ageres

97 1226 216 1306 militis,
241 1231 367 1308 patrem
394 1226 471 1306 eius,
502 1232 537 1290 ut
559 1227 650 1307 soles,
682 1225 817 1291 dicendo
847 1247 867 1291 a
895 1227 1040 1292 mortuis
1055 1227 1137 1291 exci-

50 1341 79 1388 10
96 1335 214 1393 tasses:
248 1328 413 1394 statuisses
442 1335 517 1393 ante
547 1330 668 1413 oculos;
705 1329 889 1413 complexus
923 1336 1007 1395 esset
1038 1330 1136 1394 filium

97 1431 242 1513 flensque
266 1451 340 1496 eum
356 1432 560 1496 centumviris
583 1431 850 1517 commendasset;
874 1432 996 1517 lapides
1019 1432 1137 1497 meher-

98 1535 166 1599 cule
190 1555 305 1600 omncs
326 1533 402 1600 flere
424 1555 462 1599 ac
485 1535 650 1599 lamentari
673 1536 841 1620 coegisses,
873 1543 907 1600 ut
933 1541 1034 1600 totum
1060 1533 1137 1598 illud

98 1662 150 1702 nur
172 1659 293 1702 amous
315 1660 524 1703 aunonensem
547 1657 611 1702 non
634 1640 667 1702 in
690 1663 734 1702 nn
756 1639 881 1719 tabulis,
899 1659 977 1721 quas
992 1644 1026 1703 tu
1042 1638 1137 1703 omni-

99 1741 157 1805 bus
172 1740 377 1805 bibliothecis
392 1741 568 1825 anteponis,
585 1741 641 1806 sed
664 1743 696 1806 in
720 1742 862 1825 magistri
886 1742 1024 1806 carmine
1044 1742 1137 1824 scrip-

56 1855 84 1902 15
100 1851 165 1908 tum
188 1842 359 1909 videretur.

203 1947 290 2010 Nam
320 1944 403 2027 quod
441 1946 586 2011 inertiam
623 1967 753 2013 accusas
786 1946 1046 2027 adulescentium,
1085 1945 1138 2026 qui

101 2049 193 2114 istam
216 2054 318 2113 artem
333 2048 468 2131 primum
484 2048 667 2114 facillimam
682 2071 746 2114 non
763 2048 921 2114 ediscant!
947 2068 1027 2131 quae
1043 2069 1138 2130 quam

102 2152 141 2215 sit
162 2151 278 2230 facilis,
305 2151 350 2214 illi
380 2150 517 2215 viderint
548 2153 600 2233 qui
627 2153 695 2217 eius
722 2153 799 2217 artis
821 2151 1018 2234 adrogantia,
1048 2150 1138 2232 quasi
1227 2156 1233 2166 “

103 2253 290 2318 difficillima
311 2253 361 2333 sit,
388 2254 434 2318 ita
465 2254 593 2320 subnixi
623 2256 804 2336 ambulant,
836 2253 952 2318 deinde
983 2254 1077 2318 etiam
1105 2259 1138 2317 tu

58 2366 87 2414 ao
104 2356 170 2438 ipse
190 2355 319 2435 videris,
336 2355 389 2436 qui
406 2376 476 2421 eam
491 2362 591 2421 artem
614 2341 740 2422 facilem
757 2375 826 2420 esse
848 2354 936 2436 dicis,
958 2376 1052 2438 quam
1070 2375 1138 2420 con-

105 2456 189 2521 cedis
211 2456 316 2522 adhuc
338 2465 440 2522 artem
470 2459 597 2524 omnino
627 2480 691 2524 non
716 2478 795 2538 esse,
824 2458 881 2524 sed
907 2458 1088 2541 aliquando,
1112 2460 1139 2522 si

106 2560 173 2640 quis
195 2559 293 2623 aliam
314 2567 414 2624 artem
437 2560 591 2642 didicerit,
615 2568 650 2625 ut
672 2561 756 2626 hanc
771 2566 872 2625 artem
888 2561 1014 2627 efficere
1029 2562 1138 2645 possit,

105 2668 169 2725 tum
193 2681 262 2726 csse
284 2662 371 2725 illam
394 2669 493 2726 artem
515 2663 662 2728 futuram.
711 2663 836 2743 deinde,
869 2663 953 2745 quod
983 2665 1023 2728 sit
1045 2664 1140 2747 plena

106 2762 339 2829 delectationis!
364 2764 398 2828 in
421 2785 482 2847 quo
504 2767 562 2830 tibi
584 2769 749 2831 remittunt
764 2785 872 2830 omnes
887 2766 980 2831 istam
1001 2767 1139 2850 volupta-

61 2879 90 2926 cs
106 2871 167 2930 tem
190 2873 223 2931 et
245 2855 284 2930 ea
306 2887 340 2931 se
364 2887 470 2932 carere
492 2869 668 2952 patiuntur,
693 2888 753 2932 nec
774 2861 938 2949 quisquam
962 2875 1009 2933 cst
1033 2889 1138 2933 eorum

109 2969 168 3048 qui,
190 2969 218 3034 si
240 2969 304 3033 iam
334 2969 375 3034 sit
407 2969 610 3034 ediscendum
641 2971 700 3035 sibi
731 2969 859 3052 aliquid,
890 2991 953 3034 non
984 2972 1139 3036 Teucrum

109 3069 235 3135 Pacuvii
257 3072 345 3136 malit
372 3092 467 3153 quam
493 3073 682 3137 Manilianas
712 3073 872 3138 venalium
902 3072 1140 3138 vendendorum

110 3171 192 3254 leges
215 3172 364 3239 ediscere.
411 3181 477 3238 tum
504 3181 611 3240 autem
638 3174 723 3256 quod
745 3195 852 3240 amore
878 3177 999 3259 patriae
1030 3195 1140 3240 censes
1159 3192 1209 3242 247

112 3293 163 3340 nos
184 3283 360 3342 nostrorum
383 3277 536 3342 maiorum
558 3277 689 3355 inventa
704 3297 797 3342 nosse
813 3277 946 3343 debere:
970 3298 1034 3343 non
1050 3276 1140 3342 vides

68 3387 96 3436 eo
113 3383 228 3444 veteres
258 3380 346 3464 leges
376 3385 432 3444 aut
461 3381 547 3464 ipsas
581 3401 638 3445 sua
667 3386 826 3445 vetustate
857 3380 1056 3444 consenuisse
1086 3385 1140 3442 aut

113 3481 197 3545 novis
219 3482 344 3564 legibus
367 3501 444 3546 esse¹
460 3483 626 3548 sublatas?
649 3481 831 3563 quod-vero
853 3483 937 3546 viros
953 3482 1050 3545 bonos
1073 3479 1139 3542 iure

115 3580 191 3646 civili
213 3583 280 3648 fieri
303 3591 407 3668 putas,
431 3585 506 3666 quia
526 3585 650 3667 legibus
674 3590 706 3648 et
728 3584 868 3666 praemia
895 3581 1055 3667 proposita
1078 3581 1140 3644 sint

114 3683 273 3751 virtutibus
296 3693 328 3751 et
351 3687 506 3769 supplicia
529 3687 630 3750 vitiis:
655 3684 802 3766 equidem
817 3684 969 3767 putabam
991 3681 1138 3744 virtutem

115 3781 294 3869 hominibus,
319 3789 345 3853 si
369 3786 462 3852 modo
494 3787 576 3852 tradi
598 3787 719 3851 ratione
746 3785 854 3867 possit,
885 3780 1077 3846 instituendo
1108 3786 1139 3844 et

1161 1924 1197 1978 58

1156 1997 1207 2045 246
