2834 4110
265 198 327 263 100
512 213 624 267 nisus
642 213 679 267 11.
711 211 848 268 onear.
879 214 1059 278 sira-118.

265 387 374 452 datum
397 387 439 452 ad
462 408 569 453 eorum
592 385 716 451 animos
737 385 825 470 apud
847 406 926 468 quos
949 385 1083 450 dicimus
1105 385 1148 449 ad
1169 385 1204 450 id
1221 386 1307 468 quod

198 514 247 561 115
265 493 411 560 volumus
433 491 684 558 commovendos.
730 491 777 556 ita
805 490 908 556 omnis
937 490 1017 555 ratio
1047 489 1174 556 dicendi
1204 492 1307 556 tribus
1411 533 1412 536 =

264 598 307 662 ad
329 596 585 682 persuadendum
607 597 702 661 rebus
726 602 774 661 est
788 596 882 660 nixa:
905 602 941 660 ut
955 596 1126 680 probemus
1141 615 1219 660 vera
1236 615 1306 660 esse

267 722 348 785 quae
370 700 581 781 defendimus,
605 706 640 764 ut
663 700 865 765 conciliemus
888 720 942 765 eos
964 699 1057 765 nobis
1080 699 1133 782 qui
1160 698 1304 780 audiunt,

265 813 301 872 ut
324 806 447 872 animos
469 825 576 870 eorum
600 803 643 868 ad
666 824 897 887 quemcumque
920 824 1017 869 causa
1047 803 1220 888 postulabit
1243 819 1339 868 mos

199 929 248 976 116
266 918 333 976 tum
356 929 514 974 vocemus.
560 907 603 971 ad
625 897 824 991 probandum
847 913 952 972 autem
976 907 1094 991 duplex
1118 914 1166 973 est
1190 908 1306 972 oratori

267 1013 411 1078 subiecta
433 1012 600 1077 materies:
624 1032 689 1076 una
710 1032 815 1076 rerum
842 1032 951 1076 earum
969 1032 1056 1094 ¹quae
1086 1032 1149 1076 non
1181 1013 1306 1096 excogi-

266 1123 374 1181 tantur
395 1118 436 1181 ab
460 1122 592 1196 oratore,
624 1115 680 1180 sed
703 1115 736 1179 in
758 1136 793 1180 re
815 1116 938 1200 positae
968 1116 1091 1180 ratione
1120 1122 1306 1197 tractantur,

268 1227 302 1285 ut
325 1221 453 1286 tabulae
475 1221 656 1285 testimonia
684 1228 780 1305 pacta
802 1227 961 1285 conventa
991 1220 1192 1302 quaestiones
1214 1220 1302 1304 leges
1411 1233 1412 1244 ¹

269 1327 398 1391 senatus
421 1325 563 1390 consulta
585 1345 636 1390 res
657 1324 816 1389 iudicatae
839 1323 967 1389 decreta
988 1343 1141 1409 responsa
1170 1325 1301 1407 reliqua,
1328 1341 1358 1388 10

270 1429 297 1494 si
324 1449 406 1511 quae
436 1435 509 1494 sunt
538 1449 619 1510 quae
651 1449 714 1493 non
746 1429 787 1492 ab
818 1435 940 1494 oratore
970 1429 1144 1512 pariuntur,
1179 1427 1238 1493 sed
1267 1426 1310 1491 ad

271 1540 425 1598 oratorem
454 1555 474 1598 a
504 1553 600 1598 causa
629 1539 725 1616 atque
754 1554 775 1596 a
802 1533 864 1598 reis
894 1532 1087 1597 deferuntur.
1133 1532 1233 1597 altera
1263 1539 1311 1596 est
1411 1563 1412 1634 p

271 1656 353 1719 quae
375 1642 443 1702 tota
464 1637 497 1701 in
521 1636 735 1721 disputatione
758 1643 790 1702 et
811 1637 844 1700 in
872 1636 1147 1720 argumentatione
1177 1636 1310 1701 oratoris

204 1754 251 1801 111
272 1741 434 1807 conlocata
469 1747 525 1806 est.
572 1741 618 1805 ita
647 1741 680 1805 in
711 1741 871 1825 superiore
904 1760 1021 1825 genere
1059 1740 1100 1806 de
1133 1740 1309 1806 tractandis
1411 1767 1412 1836 p

271 1845 476 1928 argumentis,
499 1845 534 1909 in
555 1845 616 1910 hoo
638 1851 745 1910 autem
767 1845 863 1910 etiam
886 1844 926 1910 de
948 1843 1149 1910 inveniendis
1173 1844 1311 1929 cogitan-
1329 1861 1359 1909 15

272 1949 347 2014 dum
376 1955 433 2014 est.
479 1956 575 2031 atque
603 1949 657 2013 isti
688 1947 816 2030 quidem
848 1949 901 2032 qui
935 1948 1060 2030 docent,
1094 1969 1165 2013 cum
1196 1969 1310 2014 causas
1411 1955 1412 2036 1

272 2053 305 2117 in
328 2054 419 2137 plura
440 2072 559 2136 genera
581 2059 759 2134 secuerunt,
791 2052 923 2137 singulis
946 2052 1116 2136 generibus
1143 2073 1311 2136 argumen·
1411 2129 1412 2136 ἵ

273 2164 375 2223 torum
399 2157 523 2241 copiam
545 2164 728 2240 suggerunt,
775 2156 859 2240 quod
883 2157 1007 2222 etiamsi
1029 2155 1071 2220 ad
1097 2155 1311 2222 instituendos

274 2260 527 2326 adulescentulos
549 2261 652 2344 magis
674 2267 783 2345 aptum
806 2267 863 2345 est,
887 2267 932 2342 ut,
948 2260 1080 2326 simulac
1095 2261 1199 2344 posita
1215 2281 1311 2326 causa

275 2365 325 2445 sit,
348 2363 571 2447 habeantque
594 2385 629 2440 se
652 2366 800 2448 referant,
824 2366 909 2431 unde
933 2365 1040 2432 statim
1069 2364 1221 2449 expedita
1243 2387 1312 2450 pos·
1330 2380 1361 2428 ao
1411 2357 1412 2428 i

274 2469 337 2534 sint
359 2476 548 2551 argumenta
571 2469 765 2554 depromere,
795 2477 903 2535 tamen
934 2476 966 2534 et
995 2468 1077 2533 tardi
1106 2469 1228 2553 ingenii
1264 2476 1312 2536 est
1411 2469 1412 2520 ἶ

275 2573 393 2637 rivulos
416 2574 598 2656 consectari,
622 2574 718 2640 fontis
740 2595 845 2639 rerum
868 2594 932 2638 non
954 2573 1072 2654 videre,
1097 2579 1129 2637 et
1150 2573 1214 2636 iam
1230 2580 1314 2638 aeta-
1411 2555 1412 2646 1

275 2676 316 2742 tis
339 2682 387 2742 est
409 2696 546 2760 ususque
568 2679 667 2744 nostri
697 2678 843 2761 acepite
874 2676 959 2760 quod
988 2677 1123 2743 velimus
1152 2695 1315 2742 arcessere
1411 2669 1412 2756 1

276 2786 308 2845 61
330 2779 415 2844 unde
438 2783 544 2846 omnia
566 2788 698 2846 manent
720 2780 837 2845 videre.
1187 2864 1191 2870 ,
1411 2759 1412 2826 l

209 2897 258 2944 118
379 2885 421 2948 Et
443 2887 579 2970 primum
601 2905 703 2969 genus
725 2884 803 2948 illud
827 2905 934 2949 earum
957 2907 1061 2950 rerum
1084 2905 1166 2967 quae
1188 2883 1231 2948 ad
1249 2905 1315 2949 ora·
1334 2895 1365 2943 25

277 2996 377 3054 torem
411 2989 598 3054 deferuntur
631 2987 818 3053 meditatum
851 2989 944 3054 nobis
977 2990 1011 3054 in
1049 2996 1238 3073 perpetuum
1273 2987 1315 3052 ad

278 3114 404 3158 omnem
426 3114 517 3159 usum
541 3092 690 3157 similium
712 3113 815 3158 rerum
839 3113 909 3158 esse
931 3093 1069 3158 debebit.
1114 3113 1190 3157 nam
1213 3100 1245 3158 et
1260 3113 1316 3177 pro
1411 3171 1412 3180 ἵ

277 3197 395 3263 tabulis
418 3203 449 3262 et
473 3202 581 3260 contra
604 3196 728 3261 tabulas
751 3203 782 3262 61
804 3218 860 3282 pro
883 3197 1016 3263 testibus
1040 3204 1071 3262 61
1094 3202 1203 3262 contra
1225 3197 1317 3262 testis

279 3306 311 3366 et
333 3320 389 3384 pro
412 3299 648 3382 quaestionibus
679 3307 711 3365 et
741 3308 850 3366 contra
880 3301 1081 3384 quaestiones
1113 3307 1144 3365 et
1173 3301 1252 3365 item
1275 3301 1316 3364 de

280 3403 392 3469 ceteris
415 3402 508 3466 rebus
532 3402 674 3468 eiusdem
696 3406 822 3489 generis
852 3405 905 3488 vel
935 3405 1106 3488 separatim
1135 3403 1243 3470 dicere
1273 3426 1318 3471 so·
1337 3414 1369 3464 30

279 3507 380 3570 lemus
403 3503 443 3568 de
464 3523 583 3586 genere
605 3497 753 3575 universo
783 3509 835 3574 vel
856 3507 988 3574 definite
1017 3507 1058 3574 de
1081 3509 1215 3593 singulis
1242 3517 1318 3574 tem-

280 3606 409 3691 poribus
431 3604 613 3675 hominibus
636 3613 747 3678 causis.
795 3633 873 3695 quos
897 3611 1025 3695 quidem
1046 3613 1133 3678 locos
1155 3651 1199 3660 -
1225 3613 1317 3678 vobis

280 3711 349 3787 hoo,
374 3706 467 3771 Ootta
490 3717 521 3774 61
544 3713 672 3798 Sulpici,
696 3716 766 3782 dico
789 3754 831 3764 —
858 3716 958 3781 multa
985 3717 1251 3782 commentatione
1275 3723 1320 3782 at·

282 3828 344 3892 que
366 3811 570 3883 meditatione
593 3827 720 3904 paratos
742 3829 838 3903 atque
861 3820 1028 3905 expeditos
1041 3820 1161 3887 habere
1184 3819 1319 3887 debetis.
