2836 4114
283 191 345 254 116
531 207 644 262 LIBER
656 206 708 261 ΙΙΙ.
733 206 816 261 eAP.
830 210 907 264 1-8.
932 209 1072 270 §ao-29.

279 383 313 446 in
337 381 457 447 naturis
479 401 594 461 rerum,
618 379 780 445 transferri
803 386 906 463 potest
930 379 1090 446 etiamad
1116 387 1211 446 artes,
1259 403 1337 447 una

279 485 422 569 fingendi
445 492 493 551 est
515 505 576 568 ars,
600 485 718 568 inqua
741 490 941 568 praestantes
963 484 1090 548 fuerunt
1112 485 1205 567 Myro
1229 486 1335 569 Poly-

280 589 371 654 clitus
393 589 571 672 Lysippus3
596 588 649 669 qui
673 607 783 652 omnes
810 587 893 651 inter
924 607 958 652 se
989 587 1159 652 dissimiles
1181 587 1333 670 fuerunt,

280 693 337 758 sed
359 694 405 758 ita
426 699 544 773 tamen,
576 699 611 756 ut
640 691 801 756 neminem
831 692 879 756 sui
910 691 990 756 velis
1020 711 1090 757 esse
1120 691 1330 758 dissimilem.

279 817 344 861 una
367 804 415 862 est
437 817 489 862 ars
504 796 646 876 ratioque
662 795 814 878 picturae,
831 794 1094 877 dissimillimique
1110 801 1219 862 tamen
1239 797 1332 862 inter
1353 807 1370 854 5

280 921 315 966 se
338 901 456 966 Zeuxis
478 899 667 983 Aglaophon
689 898 828 982 Apelles,
844 920 950 981 neque
966 919 1073 965 eorum
1088 899 1260 982 quisquam
1276 908 1332 967 est

279 1005 329 1069 cui
353 1005 521 1086 quicquam
543 1004 576 1066 in
599 1009 667 1067 arte
690 1022 747 1067 sua
769 1003 882 1068 deesse
904 1003 1058 1070 videatur.
1106 1009 1137 1068 et
1161 1004 1187 1068 si
1212 1003 1330 1069 hocin

279 1108 328 1172 his
351 1107 442 1190 quasi
465 1107 560 1172 mutis
583 1106 705 1172 artibus
729 1113 776 1171 est
798 1107 978 1172 mirandum
1001 1113 1033 1172 et
1063 1113 1170 1172 tamen
1198 1129 1328 1190 verum,

279 1217 395 1292 quanto
419 1210 636 1276 admirabilius
657 1210 692 1274 in
722 1211 864 1275 oratione
894 1217 991 1293 atque
1014 1211 1047 1274 in
1069 1211 1206 1294 lingua?
1239 1233 1328 1295 quae

279 1333 350 1378 cum
385 1314 418 1376 in
451 1312 564 1378 iisdem
599 1313 765 1378 sententiis
795 1314 965 1396 verbisque
995 1320 1146 1394 versetur,
1180 1324 1386 1381 summas10

278 1416 376 1481 babet
398 1415 687 1500 dissimilitudines3
711 1438 776 1484 non
800 1418 854 1497 sic,
879 1423 914 1482 ut
935 1417 990 1482 alii
1016 1418 1219 1502 vituperandi
1248 1420 1325 1500 sint,

278 1520 335 1585 sed
365 1526 399 1584 ut
421 1519 444 1583 ii
468 1539 545 1601 quos
569 1525 691 1584 constet
714 1539 784 1586 esse
806 1519 983 1586 laudandos
1005 1522 1039 1585 in
1062 1521 1181 1604 dispari
1212 1529 1325 1588 tamen

227 1636 259 1683 ar
278 1643 395 1707 genere
418 1623 594 1688 laudentur.
640 1630 736 1705 atque
759 1623 791 1687 id
814 1624 1324 1709 1111111111]111111111111111111,

279 1729 394 1810 quibus
417 1734 465 1793 est
488 1727 635 1812 proxima
656 1728 803 1812 cognatio
827 1747 899 1791 cum
914 1729 1098 1794 oratoribus.
1134 1749 1230 1810 quam
1247 1739 1325 1796 sunt

276 1832 359 1896 inter
382 1851 452 1896 sese
474 1831 597 1896 Ennius
621 1831 779 1895 Pacuvius
801 1832 981 1912 Acciusque
1008 1832 1188 1913 dissimiles,
1221 1854 1323 1916 quam
1346 1843 1381 1890 1⁵

276 1936 363 2020 apud
379 1935 517 2000 Graecos
532 1934 710 2018 Aeschylus
726 1934 898 2018 Sophocles
914 1935 1098 2020 Euripides!
1123 1956 1322 2019 quamquam

276 2039 422 2104 omnibus
453 2059 509 2122 par
543 2058 646 2122 paene
676 2038 745 2103 laus
778 2038 813 2102 in
843 2038 987 2104 dissimili
1018 2039 1178 2104 scribendi
1199 2061 1323 2123 genere

225 2143 440 2209 retribuatur.
484 2142 618 2226 aspicite
648 2162 733 2206 nuno
763 2161 817 2207 eos
846 2142 993 2208 homines
1022 2150 1118 2224 atque
1150 2142 1322 2209 intuemini

277 2267 407 2330 quorum
430 2246 471 2311 de
493 2245 643 2311 facultate
667 2246 847 2328 quaerimus
873 2243 962 2332 [quid
992 2246 1116 2311 intersit
1145 2245 1230 2311 inter
1252 2268 1322 2313 cra-

275 2356 376 2416 torum
400 2348 506 2416 studia
528 2358 623 2432 atque
647 2347 798 2436 naturasl.
845 2350 1036 2414 suavitatem
1055 2351 1222 2431 Isocrates,
1247 2350 1321 2416 sub·
1341 2361 1375 2410 aa

187 2500 190 2506 ,
276 2454 421 2518 tilitatem
444 2453 569 2534 Lysias,
593 2473 727 2518 acumen
749 2452 940 2536 Hyperides,
970 2453 1107 2518 sonitum
1129 2454 1321 2536 Aeschines,

276 2556 341 2620 vim
375 2555 608 2621 Demosthenes
638 2555 758 2620 habuit.
805 2556 876 2638 quis
908 2577 1015 2621 eorum
1045 2577 1109 2621 non
1144 2557 1320 2641 egregius?

276 2666 383 2725 tamen
407 2660 477 2740 quis
500 2659 685 2741 cuiusquam
709 2659 769 2723 nisi
793 2660 841 2724 sui
864 2659 1000 2725 similis?
1022 2660 1214 2744 gravitatem
1236 2660 1321 2726 Afri-

277 2782 385 2842 canus,
416 2762 579 2826 lenitatem
610 2762 746 2842 Laelius,
776 2763 982 2846 asperitatem
1012 2763 1124 2844 Galba,
1155 2765 1320 2847 profluens

276 2864 428 2949 quiddam
459 2865 570 2930 hahuit
603 2865 707 2931 Carbo
737 2873 768 2931 et
799 2887 956 2932 canorum.
1003 2868 1073 2950 quis
1106 2867 1218 2932 horum
1253 2889 1318 2934 non
1338 2879 1373 2928 25

276 2969 425 3054 princeps
447 2970 640 3053 temporibus
663 2970 725 3035 illis
747 2969 831 3034 fuit?
877 2977 908 3035 et
931 2991 987 3037 suo
1009 2977 1117 3036 tamen
1134 2971 1269 3054 quisque
1284 2973 1318 3036 in

224 3047 257 3168 22
275 3093 393 3158 genere
416 3073 572 3157 princeps.
619 3073 676 3139 sed
699 3074 775 3157 quid
799 3094 858 3158 ego
885 3082 994 3175 vetera
1022 3075 1216 3156 conquiram,
1244 3095 1316 3140 cum

276 3177 355 3242 mihi
377 3177 471 3243 liceat
493 3177 538 3242 uti
561 3178 782 3261 praesentibus
806 3178 960 3261 exemplis
983 3184 1077 3259 atque
1100 3178 1209 3243 vivis?
1238 3180 1315 3261 quid

275 3281 444 3352 iucundius
465 3281 595 3346 auribus
617 3281 732 3346 nostris
754 3300 904 3362 umquam
919 3280 1036 3345 accidit
1058 3280 1151 3346 huius
1174 3283 1316 3348 oratione

277 3386 406 3451 Catuli?
431 3405 512 3467 quae
535 3391 583 3450 est
605 3403 684 3468 pura
707 3383 762 3464 sic,
785 3389 820 3448 ut
843 3384 957 3448 Latine
987 3385 1072 3466 loqui
1095 3405 1198 3469 paene
1229 3387 1314 3451 solus
1333 3397 1367 3445 30

276 3488 430 3569 videatur,
455 3489 500 3554 sic
522 3495 628 3553 autem
650 3487 767 3570 gravis,
792 3487 881 3551 utin
905 3487 1056 3571 singulari
1076 3487 1234 3571 dignitate
1253 3509 1315 3554 om-

275 3591 325 3655 nis
348 3597 455 3656 tamen
478 3592 562 3657 adsit
584 3589 766 3655 humanitas
789 3609 827 3654 ac
842 3590 939 3672 lepos.
979 3589 1053 3672 quid
1071 3590 1195 3656 multa?
1218 3593 1313 3657 istum

276 3692 410 3757 audiens
433 3694 579 3775 equidem
611 3692 655 3756 sic
678 3690 819 3755 iudicare
851 3692 945 3771 soleo,
970 3692 1119 3774 quicquid
1150 3699 1205 3758 aut
1227 3695 1316 3760 addi-

276 3794 361 3858 deris
383 3801 438 3858 aut
461 3795 633 3859 mutaveris
656 3801 710 3858 aut
733 3793 917 3873 detraxeris,
945 3795 1090 3859 vitiosius
1117 3802 1150 3860 et
1176 3796 1315 3864 deterius
