2836 4114
330 233 439 287 cinna
452 233 503 286 111.
529 233 736 291 cirris-ro.
762 237 899 296 sos-oo.
1071 218 1130 281 187

86 405 243 489 pientem.
290 406 383 471 valde
405 413 512 472 autem
535 413 583 472 est
614 405 785 472 absurdum
816 407 845 471 ei
877 407 1053 473 contionem
1077 415 1133 472 aut

87 515 240 575 senatum
270 516 325 574 aut
354 511 452 575 ullum
487 517 611 576 coetum
649 510 811 575 hominum
842 511 1046 592 committere,
1082 511 1132 576 cui

86 633 186 677 nemo
208 613 333 677 illorum
355 615 407 697 qui
431 614 537 679 adsint
561 634 667 695 sanus,
698 635 792 680 nemo
815 615 903 695 civis,
934 635 1027 680 nemo
1053 614 1132 678 liber

87 736 162 781 esse
186 715 341 781 videatur.
386 717 509 783 aceedit
532 717 617 799 quod
648 718 798 783 orationis
826 717 920 782 etiam
951 737 1053 802 genus
1080 717 1132 781 ha·
1151 731 1184 779 eo

52 833 66 880 5
86 821 171 884 bent
193 819 328 886 sortasse
350 822 463 887 subtile
487 829 518 887 et
542 829 626 887 certe
648 827 786 903 acutum,
811 822 876 904 sed,
900 828 935 886 ut
950 823 983 886 in
998 828 1131 903 oratore,

87 923 177 988 exile
199 925 384 990 inusitatum
415 925 589 990 abhorrens
618 926 660 990 ab
691 927 821 991 auribus
851 926 936 1009 volgi
965 926 1132 990 obscurum

85 1029 189 1092 inane
211 1028 352 1093 iciunum
376 1049 414 1094 ac
437 1035 537 1100 totum
568 1029 637 1094 eius
667 1028 763 1110 modi,
788 1050 851 1112 quo
882 1029 927 1095 uti
957 1029 999 1094 ad
1022 1030 1133 1113 volgus

86 1132 179 1196 nullo
201 1131 294 1196 modo
316 1133 422 1216 possit.
469 1133 533 1198 alia
556 1134 640 1199 enim
664 1140 696 1198 et
718 1135 803 1199 bona
826 1140 857 1199 et
880 1135 964 1200 mala
985 1133 1134 1199 videntur

86 1235 206 1301 Stoicis
228 1242 261 1301 et
283 1237 394 1302 ceteris
422 1237 545 1303 civibus
577 1238 629 1302 vel
659 1237 765 1321 potius
794 1237 962 1323 gentibus;
992 1238 1056 1303 alia
1084 1238 1133 1303 vis

37 1351 65 1397 ro
86 1339 220 1404 honoris
243 1338 437 1424 ignominiae
460 1341 592 1425 praemii
609 1341 771 1426 supplicii;
800 1361 875 1406 vere
890 1362 931 1406 an
949 1361 1039 1407 secus
1055 1341 1133 1405 nihil

86 1441 132 1507 ad
156 1441 217 1509 hoc
239 1449 380 1528 tempus;
416 1444 472 1510 sed
505 1463 544 1509 ea
574 1444 601 1508 si
625 1464 804 1526 sequamur,
836 1445 953 1509 nullam
982 1465 1133 1526 umquam

86 1567 158 1610 rem
182 1544 318 1613 dicendo
341 1546 492 1632 expedire
515 1548 683 1633 possimus.
730 1548 843 1630 reliqui
874 1555 947 1613 sunt
974 1548 1133 1632 Peripate·
1152 1562 1184 1610 er

86 1650 146 1715 tici
171 1656 202 1714 et
224 1649 424 1735 Academici3
449 1671 641 1734 quamquam
657 1651 919 1716 Academicorum
947 1671 1062 1715 nomen
1086 1657 1134 1716 est

86 1773 200 1833 unum,
225 1755 402 1819 sententiae
425 1754 517 1819 duae.
564 1775 638 1818 nam
661 1753 859 1839 Speusippus
881 1753 1024 1818 Platonis
1052 1773 1133 1819 soro-

39 1869 67 1915 ra
86 1857 134 1922 ris
159 1855 242 1921 filius
265 1863 297 1921 et
319 1858 526 1939 Xenocrates,
551 1857 605 1940 qui
628 1858 794 1922 Platonem
820 1855 976 1938 audierat,
1008 1862 1049 1937 et,
1080 1856 1134 1937 qui

86 1961 316 2041 Xenocratem,
339 1961 466 2026 Polemo
491 1968 522 2026 et
545 1961 681 2027 Crantor
703 1960 782 2024 nihil
809 1960 850 2024 ab
873 1959 1052 2041 Aristotele,
1080 1960 1134 2042 qui

86 2083 156 2129 una
185 2062 331 2128 audierat
360 2065 536 2145 Platonem,
568 2085 684 2148 magno
715 2083 811 2148 opere
842 2063 1008 2148 dissensit3
1043 2063 1135 2147 copia

86 2168 225 2232 fortasse
249 2173 280 2232 et
303 2168 458 2234 varietate
481 2167 608 2234 dicendi
641 2189 735 2253 pares
765 2189 830 2233 non
860 2167 996 2232 fuerunt.
1042 2166 1135 2231 Arce·

87 2273 167 2337 silas
191 2271 336 2356 primum,
361 2273 413 2354 qui
429 2273 633 2338 Polemonem
649 2272 803 2353 audierat,
826 2292 867 2336 ex
882 2271 980 2336 variis
994 2270 1136 2335 Platonis

38 2387 68 2436 20
87 2375 179 2440 libris
213 2375 474 2457 sermonibusque
509 2375 678 2444 Socraticis
716 2375 776 2441 hoc
810 2375 950 2440 maxime
985 2373 1134 2458 adripuit,

87 2478 170 2544 nihil
204 2498 275 2544 csse
310 2479 385 2544 certi
416 2478 501 2562 quod
531 2486 586 2544 aut
617 2481 763 2546 sensibus
795 2485 849 2544 aut
876 2479 983 2545 animo
1013 2480 1136 2564 percipi

86 2583 197 2668 possit.
245 2602 339 2664 quem
366 2582 474 2647 ferunt
489 2582 606 2648 eximio
623 2583 762 2666 quodam
778 2603 870 2648 usum
885 2585 992 2668 lepore
1008 2584 1136 2649 dicendi

85 2693 294 2771 aspernatum
328 2706 398 2752 esse
428 2707 522 2752 omne
555 2687 654 2752 animi
685 2708 861 2770 sensusque
891 2686 1043 2754 iudicium
1077 2688 1135 2772 pri-

86 2809 239 2872 mumque
269 2790 444 2856 instituisse
479 2829 519 2837 —
554 2811 747 2874 quamquam
781 2791 815 2854 id
846 2791 906 2858 luit
940 2791 1136 2858 Socraticum

37 2905 68 2953 25
87 2893 230 2959 maxime
252 2931 296 2940 —
317 2913 383 2958 non
406 2893 483 2976 quid
505 2895 575 2979 ipse
597 2895 729 2960 sentiret
752 2895 929 2975 ostendere,
946 2894 1003 2960 sed
1027 2901 1136 2960 contra

87 2996 124 3061 id
146 2996 231 3079 quod
253 2997 388 3079 quisquc
412 3016 446 3062 se
470 2998 586 3063 sentire
603 2997 738 3062 dixisset
752 2997 925 3081 disputare.
965 2998 1040 3063 hinc
1056 2998 1135 3062 haec
1154 3008 1186 3056 os

88 3100 246 3165 recentior
269 3099 444 3166 Academia
465 3101 618 3181 manavit,
642 3101 675 3164 in
699 3120 763 3182 qua
793 3100 899 3164 extitit
922 3098 1033 3165 divina
1061 3121 1134 3182 qua-

89 3202 164 3267 darn
181 3203 343 3269 celeritate
359 3204 480 3287 ingenii
495 3202 688 3285 dicendique
704 3204 796 3288 copia
813 3202 1005 3270 Carneades.
1046 3203 1135 3267 cuius

90 3327 149 3390 ego
173 3307 234 3372 etsi
255 3307 370 3373 multos
393 3306 555 3373 auditores
588 3308 724 3391 cognovi
756 3307 902 3387 Athenis,
934 3313 1041 3371 tamen
1064 3325 1135 3370 auc-

40 3421 71 3471 30
89 3417 173 3477 tores
211 3410 405 3476 certissimos
443 3410 573 3476 laudare
609 3431 740 3496 possum
777 3417 810 3476 et
848 3428 991 3474 socerum
1028 3428 1135 3473 meum

90 3514 287 3594 Scaevolam,
324 3515 377 3596 qui
409 3534 481 3579 eum
513 3515 635 3579 Romae
663 3513 788 3579 audivit
810 3511 1008 3592 adulescens,
1041 3516 1072 3575 et
1095 3510 1132 3588 Q.

90 3618 250 3683 Metellum
274 3617 308 3680 L.
326 3618 361 3681 F.
379 3615 568 3682 familiarem
590 3637 695 3681 meum
719 3615 927 3681 clarissimum
942 3615 1055 3695 virum,
1080 3615 1135 3696 qui

91 3721 177 3786 illum
201 3741 221 3786 a
245 3740 280 3786 se
303 3720 507 3785 adulescente
529 3719 664 3784 Athenis
694 3720 759 3782 iam
782 3715 944 3782 adfectum
972 3723 1135 3782 senectute
1166 3722 1169 3727 ’

92 3823 298 3890 multosdies
328 3823 472 3889 auditum
496 3841 566 3888 esse
598 3821 732 3887 dicebat.
778 3820 858 3885 haec
889 3827 1005 3903 autern,
1035 3827 1070 3885 ut
1093 3842 1134 3887 ex
1153 3797 1187 3917 ἐξ
