2834 4110
307 170 348 232 74
544 185 656 240 LIBER
673 185 711 238 11.
747 185 830 238 CAP.
844 188 921 239 4-5.
958 190 972 248 ξ
992 187 1100 239 16-20.

305 359 472 424 suavitatis
501 358 622 441 aliquid
651 358 830 443 impertias3
861 357 912 422 sin
942 357 1000 422 tibi
1029 357 1063 422 id
1093 357 1199 421 minus
1221 356 1339 435 libebit,

305 484 369 529 non
392 469 423 528 te
446 464 567 546 urgebo
591 481 694 544 neque
717 461 910 527 committam
933 467 978 541 ut,
1002 460 1076 525 dum
1101 480 1232 525 vereare
1253 467 1286 523 tu
1300 480 1340 523 ne

253 580 285 626 ιι
305 567 348 633 sis
370 567 506 651 ineptus,
530 587 582 631 me
605 586 675 631 esse
697 560 840 630 iudioes.³
885 572 953 628 tum
975 565 1027 628 ille
1055 556 1126 647 ‘ego
1153 560 1341 629 meherenle’

303 671 406 752 inquit
434 664 573 751 ‘Caesam
597 690 638 733 ex
666 669 813 734 omnibus
840 668 964 733 Latinis
994 668 1100 733 verbis
1130 668 1224 732 huius
1253 669 1340 731 verbi

303 775 369 838 vim
392 775 444 839 vel
468 773 641 838 maximam
665 791 789 855 semper
811 772 931 855 putavi.
976 791 1070 852 quem
1099 772 1185 836 enim
1208 791 1265 836 nos
1286 764 1370 840 ‘in-s

304 872 423 962 eptum³
446 896 605 957 vocamus,
628 876 656 940 is
678 875 757 939 mihi
780 874 905 940 videtur
930 876 972 939 ab
995 874 1056 961 hoo
1082 894 1198 940 nomen
1225 875 1340 940 habere

304 980 444 1061 duotum,
462 981 545 1063 quod
566 973 653 1044 ‘non'
681 981 721 1044 sit
743 973 868 1062 ‘aptus',
893 978 988 1061 idque
1011 978 1046 1042 in
1069 979 1222 1043 sermonis
1244 978 1340 1044 nostri

304 1084 531 1150 consuetudine
561 1084 682 1167 perlate
711 1089 808 1168 patet.
854 1103 928 1146 nam
959 1083 1014 1164 qui
1041 1090 1097 1146 aut
1118 1088 1244 1166 tempus
1267 1082 1341 1164 quid

303 1189 439 1273 postulet
462 1209 526 1252 non
548 1187 637 1252 videt
658 1195 714 1252 aut
736 1188 828 1272 plura
850 1187 988 1268 loquitur
1009 1193 1065 1251 aut
1084 1206 1119 1251 se
1134 1192 1274 1251 ostentat
1288 1191 1342 1250 aut

302 1313 411 1359 eorum
434 1293 622 1375 quibuscum
634 1298 683 1357 est
698 1292 751 1356 vel
766 1291 931 1374 dignitatis
947 1291 999 1356 vel
1015 1290 1173 1356 commodi
1188 1293 1342 1357 rationem
1359 1310 1386 1356 ro

302 1416 366 1461 non
388 1395 486 1460 habet
508 1403 564 1460 aut
586 1395 723 1479 denique
746 1396 780 1459 in
802 1395 908 1476 aliquo
931 1415 1049 1479 genere
1065 1402 1121 1459 aut
1136 1394 1342 1461 inoonoinnus

252 1517 283 1563 rs
301 1505 356 1564 aut
379 1500 495 1563 multus
519 1505 576 1580 est,
592 1500 620 1564 is
635 1493 783 1583 ‘ineptus'
801 1519 870 1564 esse
894 1499 1017 1564 dieitur.
1056 1498 1117 1564 hoe
1137 1499 1216 1564 vitio
1240 1520 1341 1565 eumu-

300 1604 367 1667 lata
389 1608 438 1667 est
460 1602 675 1668 emditissima
697 1603 752 1666 illa
774 1602 966 1668 Graecorum
993 1602 1089 1667 natio.
1126 1603 1236 1685 itaque
1260 1603 1342 1685 quod

301 1706 366 1770 vim
389 1705 484 1771 huius
513 1706 588 1770 mali
615 1706 730 1772 Graeci
757 1726 821 1771 non
851 1705 971 1787 vident,
1002 1725 1042 1770 ne
1066 1726 1183 1771 nomen
1215 1707 1341 1789 quidem

301 1811 331 1875 ei
353 1810 431 1875 vitio
454 1809 685 1895 imposuerunt:
709 1816 744 1874 ut
766 1810 851 1874 enim
867 1829 1001 1892 quaeras
1023 1809 1139 1894 omnia,
1164 1830 1227 1892 quo
1251 1811 1387 1876 modom

301 1915 414 1979 Graeci
430 1906 595 1998 ‘ineptum'
611 1913 771 1998 appellent
793 1934 857 1978 uon
884 1913 1032 1997 reperies.
1071 1914 1215 1978 omnium
1237 1921 1343 1980 autem

301 2018 502 2102 ineptiarum,
538 2037 619 2100 quae
653 2023 727 2083 sunt
756 2017 1012 2104 innumerabiles,
1046 2016 1133 2081 haud
1167 2018 1269 2083 seiam
1302 2039 1342 2083 an

301 2123 387 2186 nulla
410 2121 452 2186 sit
474 2123 573 2186 maior
596 2142 702 2203 quam,
726 2126 761 2185 ut
782 2121 828 2184 illl
851 2121 962 2202 solent,
984 2141 1183 2204 quocumque
1208 2123 1243 2186 in
1264 2124 1342 2202 loeo,

302 2244 517 2307 quoscumque
539 2226 622 2290 inter
644 2224 791 2290 homines
813 2224 917 2290 visum
940 2232 997 2306 est,
1021 2225 1061 2290 de
1085 2226 1179 2291 rebus
1202 2234 1260 2291 ant
1286 2227 1344 2292 dif-

301 2327 448 2392 ficillimis
471 2333 525 2392 aut
547 2348 611 2392 non
631 2328 819 2393 necessariis
842 2329 1043 2412 argutissime
1065 2328 1238 2414 disputare.
1286 2331 1344 2395 hoo
1361 2355 1390 2403 eo

300 2450 359 2496 nos
381 2430 423 2494 ab
452 2430 522 2495 istis
551 2431 808 2496 adulescentibus
839 2432 944 2497 faeere
975 2433 1067 2497 inviti
1097 2440 1128 2498 et
1159 2442 1344 2500 recusantes

251 2519 370 2640 159heri
401 2535 502 2599 eoaoti
534 2529 665 2600 sumus.>
709 2541 776 2600 tum
808 2536 937 2602 Catulus
972 2529 1022 2601 ‘ne
1053 2536 1167 2601 Graeoi
1202 2535 1343 2620 quidem'

301 2638 405 2720 inquit
436 2631 570 2722 ‘Crasse
594 2640 706 2721 quiin
741 2641 925 2706 eivitatibus
961 2641 1026 2706 suis
1060 2641 1136 2706 olari
1167 2648 1199 2706 et
1234 2643 1343 2728 magni

299 2743 438 2824 fuerunt,
459 2742 552 2807 sieuti
575 2749 609 2808 tu
632 2763 666 2808 es
694 2764 814 2826 nosque
837 2764 948 2809 omnes
970 2745 1004 2808 in
1026 2751 1134 2809 nostra
1156 2765 1191 2809 re
1214 2748 1343 2831 publiea

300 2846 446 2912 volumus
469 2867 550 2928 esse,
573 2847 684 2913 homm
708 2848 900 2914 Graecorum
930 2849 984 2930 qui
1015 2868 1050 2913 se
1072 2849 1234 2915 inouloant
1262 2853 1342 2916 auri·
1360 2873 1388 2922 ιι

300 2951 360 3015 bus
383 2951 498 3016 nostris
521 2951 639 3016 similes
662 2951 800 3032 fuerunt,
824 2972 883 3016 neo
900 2950 1028 3040 [tamen]
1045 2953 1078 3017 in
1094 2952 1158 3017 otio
1179 2973 1343 3021 sermones

248 3076 281 3124 ao
300 3054 495 3120 huiusmodi
511 3055 804 3139 disputationesque
826 3055 1002 3140 fugiebant.
1047 3076 1086 3121 ao
1109 3057 1136 3122 si
1159 3058 1218 3122 tibi
1233 3059 1342 3126 viden·

300 3165 351 3223 tur
381 3159 435 3241 qui
458 3159 619 3243 temporis,
650 3160 705 3240 qui
726 3159 797 3239 loei,
826 3161 880 3242 qui
906 3160 1071 3225 hominum
1093 3161 1250 3227 rationem
1279 3185 1341 3229 non

300 3262 420 3327 habent
441 3263 552 3347 inepti,
576 3263 657 3328 siout
680 3263 800 3327 debent
822 3263 933 3343 videri,
957 3284 1033 3328 num
1059 3263 1191 3328 tandem
1217 3273 1274 3331 aut
1301 3268 1342 3332 lo·

299 3385 356 3431 ous
378 3367 431 3432 hie
453 3387 517 3432 non
540 3366 672 3431 idoneus
695 3367 829 3448 videtur,
853 3367 887 3431 in
909 3387 971 3448 quo
993 3368 1131 3452 porticus
1153 3367 1235 3434 huee
1258 3371 1339 3457 ipsa,
1359 3395 1389 3442 ιο

298 3471 354 3535 ubi
376 3490 461 3536 nuno
483 3471 693 3551 ambulamus,
717 3477 750 3536 et
771 3472 931 3555 palaestra
954 3478 986 3536 et
1008 3479 1054 3536 tot
1075 3472 1153 3537 loeis
1181 3475 1341 3542 sessiones

298 3575 537 3658 gymnasiorum
572 3580 604 3640 et
642 3574 835 3641 Graecorum
871 3575 1119 3660 disputationum
1154 3580 1340 3646 memoriam

299 3677 437 3760 quodam
459 3678 553 3744 modo
577 3679 798 3746 commovent?
821 3686 876 3743 aut
892 3699 968 3744 num
984 3681 1198 3764 importunum
1214 3689 1340 3770 tempus

298 3780 333 3844 in
348 3787 436 3846 tanto
452 3782 526 3863 otio,
542 3782 627 3865 quod
650 3789 682 3847 et
703 3803 774 3846 raro
797 3782 889 3846 datur
912 3789 944 3846 et
965 3804 1051 3848 nuno
1066 3791 1232 3870 peroptato
1247 3790 1342 3856 nobis
