<?xml version="1.0" encoding="UTF-8"?>
<!DOCTYPE html PUBLIC "-//W3C//DTD XHTML 1.0 Transitional//EN"
    "http://www.w3.org/TR/xhtml1/DTD/xhtml1-transitional.dtd">
<html xmlns="http://www.w3.org/1999/xhtml" xml:lang="en" lang="en">
 <head>
  <title>
</title>
<meta http-equiv="Content-Type" content="text/html;charset=utf-8" />
  <meta name='ocr-system' content='tesseract 3.04.00' />
  <meta name='ocr-capabilities' content='ocr_page ocr_carea ocr_par ocr_line ocrx_word'/>
</head>
<body>
  <div class='ocr_page' id='page_1' title='image "./mtulliciceronis21cicegoog_0042.png"; bbox 0 0 2866 4110; ppageno 0'>
   <div class='ocr_carea' id='block_1_1' title="bbox 312 171 1137 249">
    <p class='ocr_par' dir='ltr' id='par_1_1' title="bbox 312 171 1137 249">
     <span class='ocr_line' id='line_1_1' title="bbox 312 171 1137 249; baseline -0.005 -12"><span class='ocrx_word' id='word_1_1' title='bbox 312 186 428 238; x_wconf 76' lang='lat' dir='ltr'>Lusus</span> <span class='ocrx_word' id='word_1_2' title='bbox 447 186 467 239; x_wconf 81' lang='grc' dir='ltr'>Ι.</span> <span class='ocrx_word' id='word_1_3' title='bbox 498 186 580 240; x_wconf 76' lang='lat' dir='ltr'>esp.</span> <span class='ocrx_word' id='word_1_4' title='bbox 598 187 712 241; x_wconf 79' lang='lat'>29-31.</span> <span class='ocrx_word' id='word_1_5' title='bbox 743 193 758 249; x_wconf 71' lang='lat' dir='ltr'>s</span> <span class='ocrx_word' id='word_1_6' title='bbox 777 189 920 242; x_wconf 81' lang='lat' dir='ltr'>rae-rar.</span> <span class='ocrx_word' id='word_1_7' title='bbox 1096 171 1137 233; x_wconf 86' lang='lat'>33</span> 
     </span>
    </p>
   </div>
   <div class='ocr_carea' id='block_1_2' title="bbox 10 354 1240 3860">
    <p class='ocr_par' dir='ltr' id='par_1_2' title="bbox 83 354 1219 755">
     <span class='ocr_line' id='line_1_2' title="bbox 182 354 1137 442; baseline -0.002 -16"><span class='ocrx_word' id='word_1_8' title='bbox 182 356 344 426; x_wconf 81' lang='lat' dir='ltr'>‘Minime</span> <span class='ocrx_word' id='word_1_9' title='bbox 375 355 460 424; x_wconf 86' lang='lat' dir='ltr'>vero’</span> <span class='ocrx_word' id='word_1_10' title='bbox 489 360 591 442; x_wconf 88' lang='lat' dir='ltr'>inquit</span> <span class='ocrx_word' id='word_1_11' title='bbox 623 361 723 426; x_wconf 85' lang='lat' dir='ltr'>Cotta.</span> <span class='ocrx_word' id='word_1_12' title='bbox 774 354 870 425; x_wconf 87' lang='lat' dir='ltr'>‘nunc</span> <span class='ocrx_word' id='word_1_13' title='bbox 899 362 983 424; x_wconf 90' lang='lat' dir='ltr'>enim</span> <span class='ocrx_word' id='word_1_14' title='bbox 1011 366 1042 425; x_wconf 91' lang='lat' dir='ltr'>te</span> <span class='ocrx_word' id='word_1_15' title='bbox 1073 361 1137 424; x_wconf 91' lang='lat' dir='ltr'>iarn</span> 
     </span>
     <span class='ocr_line' id='line_1_3' title="bbox 83 463 1219 545; baseline 0 -18"><span class='ocrx_word' id='word_1_16' title='bbox 83 484 254 530; x_wconf 91' lang='lat' dir='ltr'>exoremus</span> <span class='ocrx_word' id='word_1_17' title='bbox 287 482 425 527; x_wconf 88' lang='lat' dir='ltr'>necesse</span> <span class='ocrx_word' id='word_1_18' title='bbox 452 470 516 544; x_wconf 88' lang='lat' dir='ltr'>est,</span> <span class='ocrx_word' id='word_1_19' title='bbox 537 464 686 545; x_wconf 90' lang='lat' dir='ltr'>quoniam</span> <span class='ocrx_word' id='word_1_20' title='bbox 713 465 830 529; x_wconf 87' lang='lat' dir='ltr'>retines</span> <span class='ocrx_word' id='word_1_21' title='bbox 858 485 915 528; x_wconf 89' lang='lat' dir='ltr'>nos</span> <span class='ocrx_word' id='word_1_22' title='bbox 937 465 969 527; x_wconf 92' lang='lat' dir='ltr'>in</span> <span class='ocrx_word' id='word_1_23' title='bbox 993 463 1054 529; x_wconf 92' lang='lat' dir='ltr'>hoo</span> <span class='ocrx_word' id='word_1_24' title='bbox 1077 470 1138 528; x_wconf 88' lang='lat' dir='ltr'>stu·</span> <span class='ocrx_word' id='word_1_25' title='bbox 1215 507 1219 520; x_wconf 47' lang='grc' dir='ltr'><em>ι</em></span> 
     </span>
     <span class='ocr_line' id='line_1_4' title="bbox 86 566 1137 651; baseline 0.002 -21"><span class='ocrx_word' id='word_1_26' title='bbox 86 567 132 633; x_wconf 90' lang='lat' dir='ltr'>dio</span> <span class='ocrx_word' id='word_1_27' title='bbox 153 590 217 634; x_wconf 90' lang='lat' dir='ltr'>uec</span> <span class='ocrx_word' id='word_1_28' title='bbox 243 566 292 632; x_wconf 92' lang='lat' dir='ltr'>ad</span> <span class='ocrx_word' id='word_1_29' title='bbox 316 567 414 630; x_wconf 87' lang='lat' dir='ltr'>aliam</span> <span class='ocrx_word' id='word_1_30' title='bbox 437 566 568 632; x_wconf 83' lang='lat' dir='ltr'>dimittis</span> <span class='ocrx_word' id='word_1_31' title='bbox 591 573 702 648; x_wconf 90' lang='lat' dir='ltr'>artem,</span> <span class='ocrx_word' id='word_1_32' title='bbox 720 574 754 632; x_wconf 90' lang='lat' dir='ltr'>ut</span> <span class='ocrx_word' id='word_1_33' title='bbox 776 568 867 632; x_wconf 91' lang='lat' dir='ltr'>uobis</span> <span class='ocrx_word' id='word_1_34' title='bbox 891 567 1032 651; x_wconf 80' lang='lat' dir='ltr'><strong>explices</strong></span> <span class='ocrx_word' id='word_1_35' title='bbox 1055 567 1137 648; x_wconf 89' lang='lat' dir='ltr'>quio-</span> 
     </span>
     <span class='ocr_line' id='line_1_5' title="bbox 86 668 1137 755; baseline -0.002 -19"><span class='ocrx_word' id='word_1_36' title='bbox 86 673 155 753; x_wconf 89' lang='lat' dir='ltr'>quid</span> <span class='ocrx_word' id='word_1_37' title='bbox 178 679 233 738; x_wconf 88' lang='lat' dir='ltr'>est</span> <span class='ocrx_word' id='word_1_38' title='bbox 257 669 353 735; x_wconf 87' lang='lat' dir='ltr'>istud</span> <span class='ocrx_word' id='word_1_39' title='bbox 376 668 458 751; x_wconf 93' lang='lat' dir='ltr'>quod</span> <span class='ocrx_word' id='word_1_40' title='bbox 480 672 570 735; x_wconf 87' lang='lat' dir='ltr'>tuin</span> <span class='ocrx_word' id='word_1_41' title='bbox 593 671 729 736; x_wconf 91' lang='lat' dir='ltr'>diceudo</span> <span class='ocrx_word' id='word_1_42' title='bbox 752 680 841 755; x_wconf 88' lang='lat' dir='ltr'>potes</span> <span class='ocrx_word' id='word_1_43' title='bbox 865 711 906 718; x_wconf 89' lang='lat'><em>-</em></span> <span class='ocrx_word' id='word_1_44' title='bbox 929 671 1137 753; x_wconf 89' lang='lat' dir='ltr'>nequeenim</span> 
     </span>
    </p>

    <p class='ocr_par' dir='ltr' id='par_1_3' title="bbox 10 773 1240 3860">
     <span class='ocr_line' id='line_1_6' title="bbox 58 773 1138 858; baseline -0.006 -14"><span class='ocrx_word' id='word_1_45' title='bbox 58 795 189 844; x_wconf 76' lang='lat' dir='ltr'>csumus</span> <span class='ocrx_word' id='word_1_46' title='bbox 206 773 315 840; x_wconf 90' lang='lat' dir='ltr'>nimis</span> <span class='ocrx_word' id='word_1_47' title='bbox 330 773 435 837; x_wconf 84' lang='lat' dir='ltr'>avidi:</span> <span class='ocrx_word' id='word_1_48' title='bbox 458 775 520 840; x_wconf 87' lang='lat' dir='ltr'>ista</span> <span class='ocrx_word' id='word_1_49' title='bbox 542 781 597 838; x_wconf 91' lang='lat' dir='ltr'>tua</span> <span class='ocrx_word' id='word_1_50' title='bbox 620 774 770 841; x_wconf 85' lang='lat' dir='ltr'>mediocri</span> <span class='ocrx_word' id='word_1_51' title='bbox 794 776 974 858; x_wconf 84' lang='lat' dir='ltr'>eloquentia</span> <span class='ocrx_word' id='word_1_52' title='bbox 997 775 1138 840; x_wconf 78' lang='lat' dir='ltr'>contenti</span> 
     </span>
     <span class='ocr_line' id='line_1_7' title="bbox 88 877 1137 966; baseline 0.001 -22"><span class='ocrx_word' id='word_1_53' title='bbox 88 901 191 946; x_wconf 86' lang='lat' dir='ltr'>sumus</span> <span class='ocrx_word' id='word_1_54' title='bbox 208 919 256 928; x_wconf 93' lang='lat'>—</span> <span class='ocrx_word' id='word_1_55' title='bbox 273 877 375 959; x_wconf 89' lang='lat' dir='ltr'>idque</span> <span class='ocrx_word' id='word_1_56' title='bbox 398 897 439 942; x_wconf 93' lang='lat' dir='ltr'>ex</span> <span class='ocrx_word' id='word_1_57' title='bbox 462 885 493 942; x_wconf 88' lang='lat' dir='ltr'>te</span> <span class='ocrx_word' id='word_1_58' title='bbox 515 879 695 961; x_wconf 81' lang='lat' dir='ltr'>quaerimus</span> <span class='ocrx_word' id='word_1_59' title='bbox 717 879 764 964; x_wconf 82' lang='lat' dir='ltr'>(ut</span> <span class='ocrx_word' id='word_1_60' title='bbox 787 901 827 944; x_wconf 92' lang='lat' dir='ltr'>ue</span> <span class='ocrx_word' id='word_1_61' title='bbox 850 880 922 964; x_wconf 91' lang='lat' dir='ltr'>plus</span> <span class='ocrx_word' id='word_1_62' title='bbox 944 901 1001 945; x_wconf 92' lang='lat' dir='ltr'>nos</span> <span class='ocrx_word' id='word_1_63' title='bbox 1025 877 1137 966; x_wconf 62' lang='lat' dir='ltr'>[adise-</span> 
     </span>
     <span class='ocr_line' id='line_1_8' title="bbox 89 982 1135 1069; baseline 0.002 -22"><span class='ocrx_word' id='word_1_64' title='bbox 89 1003 219 1064; x_wconf 88' lang='lat' dir='ltr'>quamnr</span> <span class='ocrx_word' id='word_1_65' title='bbox 254 1001 355 1064; x_wconf 92' lang='lat' dir='ltr'>quam</span> <span class='ocrx_word' id='word_1_66' title='bbox 386 984 569 1062; x_wconf 90' lang='lat' dir='ltr'>quantulum</span> <span class='ocrx_word' id='word_1_67' title='bbox 601 989 635 1047; x_wconf 90' lang='lat' dir='ltr'>tu</span> <span class='ocrx_word' id='word_1_68' title='bbox 662 983 696 1047; x_wconf 90' lang='lat' dir='ltr'>iu</span> <span class='ocrx_word' id='word_1_69' title='bbox 723 982 858 1048; x_wconf 85' lang='lat' dir='ltr'>diceudo</span> <span class='ocrx_word' id='word_1_70' title='bbox 883 982 1135 1069; x_wconf 74' lang='lat' dir='ltr'>adscendisse),</span> 
     </span>
     <span class='ocr_line' id='line_1_9' title="bbox 90 1087 1135 1170; baseline 0.002 -20"><span class='ocrx_word' id='word_1_71' title='bbox 90 1089 250 1167; x_wconf 90' lang='lat' dir='ltr'>quoniam,</span> <span class='ocrx_word' id='word_1_72' title='bbox 277 1105 363 1166; x_wconf 91' lang='lat' dir='ltr'>quae</span> <span class='ocrx_word' id='word_1_73' title='bbox 392 1105 413 1148; x_wconf 93' lang='lat' dir='ltr'>a</span> <span class='ocrx_word' id='word_1_74' title='bbox 442 1092 555 1150; x_wconf 84' lang='lat' dir='ltr'>natura</span> <span class='ocrx_word' id='word_1_75' title='bbox 584 1087 767 1170; x_wconf 89' lang='lat' dir='ltr'>expetenda</span> <span class='ocrx_word' id='word_1_76' title='bbox 790 1093 872 1167; x_wconf 85' lang='lat' dir='ltr'>suut,</span> <span class='ocrx_word' id='word_1_77' title='bbox 897 1107 935 1152; x_wconf 90' lang='lat' dir='ltr'>ea</span> <span class='ocrx_word' id='word_1_78' title='bbox 964 1088 1044 1153; x_wconf 87' lang='lat' dir='ltr'>diois</span> <span class='ocrx_word' id='word_1_79' title='bbox 1071 1108 1135 1152; x_wconf 92' lang='lat' dir='ltr'>non</span> 
     </span>
     <span class='ocr_line' id='line_1_10' title="bbox 89 1190 1136 1274; baseline 0 -20"><span class='ocrx_word' id='word_1_80' title='bbox 89 1191 178 1256; x_wconf 87' lang='lat' dir='ltr'>nimis</span> <span class='ocrx_word' id='word_1_81' title='bbox 212 1190 333 1255; x_wconf 85' lang='lat' dir='ltr'>deesse</span> <span class='ocrx_word' id='word_1_82' title='bbox 363 1190 469 1270; x_wconf 89' lang='lat' dir='ltr'>nobis,</span> <span class='ocrx_word' id='word_1_83' title='bbox 500 1190 578 1272; x_wconf 91' lang='lat' dir='ltr'>quid</span> <span class='ocrx_word' id='word_1_84' title='bbox 609 1198 774 1274; x_wconf 85' lang='lat' dir='ltr'>praeterea</span> <span class='ocrx_word' id='word_1_85' title='bbox 805 1211 874 1256; x_wconf 90' lang='lat' dir='ltr'>esse</span> <span class='ocrx_word' id='word_1_86' title='bbox 905 1190 1136 1257; x_wconf 87' lang='lat' dir='ltr'>adsumendum</span> 
     </span>
     <span class='ocr_line' id='line_1_11' title="bbox 47 1283 1136 1378; baseline -0.003 -17"><span class='ocrx_word' id='word_1_87' title='bbox 47 1319 73 1364; x_wconf 89' lang='lat' dir='ltr'>ro</span> <span class='ocrx_word' id='word_1_88' title='bbox 90 1291 217 1377; x_wconf 71' lang='lat' dir='ltr'>putes?³</span> <span class='ocrx_word' id='word_1_89' title='bbox 281 1297 352 1356; x_wconf 86' lang='lat' dir='ltr'>tum</span> <span class='ocrx_word' id='word_1_90' title='bbox 388 1292 519 1358; x_wconf 80' lang='lat' dir='ltr'>Crassus</span> <span class='ocrx_word' id='word_1_91' title='bbox 554 1293 705 1360; x_wconf 87' lang='lat' dir='ltr'>adridens</span> <span class='ocrx_word' id='word_1_92' title='bbox 741 1289 832 1378; x_wconf 83' lang='lat' dir='ltr'>tquid</span> <span class='ocrx_word' id='word_1_93' title='bbox 871 1283 997 1360; x_wconf 85' lang='lat' dir='ltr'>oeuses&#39;</span> <span class='ocrx_word' id='word_1_94' title='bbox 1035 1295 1136 1377; x_wconf 88' lang='lat' dir='ltr'>iuquit</span> 
     </span>
     <span class='ocr_line' id='line_1_12' title="bbox 89 1385 1137 1482; baseline -0.003 -17"><span class='ocrx_word' id='word_1_95' title='bbox 89 1385 202 1481; x_wconf 68' lang='lat' dir='ltr'>‘Cotta</span> <span class='ocrx_word' id='word_1_96' title='bbox 228 1397 293 1462; x_wconf 86' lang='lat' dir='ltr'>nisi</span> <span class='ocrx_word' id='word_1_97' title='bbox 318 1395 457 1460; x_wconf 87' lang='lat' dir='ltr'>studium</span> <span class='ocrx_word' id='word_1_98' title='bbox 481 1406 512 1462; x_wconf 91' lang='lat' dir='ltr'>et</span> <span class='ocrx_word' id='word_1_99' title='bbox 534 1398 679 1464; x_wconf 90' lang='lat' dir='ltr'>ardorem</span> <span class='ocrx_word' id='word_1_100' title='bbox 703 1397 862 1482; x_wconf 89' lang='lat' dir='ltr'>quendam</span> <span class='ocrx_word' id='word_1_101' title='bbox 890 1397 1030 1464; x_wconf 83' lang='lat' dir='ltr'>amoris?</span> <span class='ocrx_word' id='word_1_102' title='bbox 1068 1399 1137 1462; x_wconf 90' lang='lat' dir='ltr'>sine</span> 
     </span>
     <span class='ocr_line' id='line_1_13' title="bbox 91 1500 1137 1587; baseline -0.002 -19"><span class='ocrx_word' id='word_1_103' title='bbox 91 1524 148 1584; x_wconf 93' lang='lat' dir='ltr'>quo</span> <span class='ocrx_word' id='word_1_104' title='bbox 180 1523 256 1568; x_wconf 90' lang='lat' dir='ltr'>eum</span> <span class='ocrx_word' id='word_1_105' title='bbox 288 1501 323 1564; x_wconf 93' lang='lat' dir='ltr'>iu</span> <span class='ocrx_word' id='word_1_106' title='bbox 353 1500 421 1563; x_wconf 83' lang='lat' dir='ltr'>vita</span> <span class='ocrx_word' id='word_1_107' title='bbox 450 1501 529 1565; x_wconf 87' lang='lat' dir='ltr'>nihil</span> <span class='ocrx_word' id='word_1_108' title='bbox 558 1502 725 1584; x_wconf 90' lang='lat' dir='ltr'>quisquam</span> <span class='ocrx_word' id='word_1_109' title='bbox 753 1504 927 1587; x_wconf 86' lang='lat' dir='ltr'>egregium,</span> <span class='ocrx_word' id='word_1_110' title='bbox 956 1509 1023 1567; x_wconf 92' lang='lat' dir='ltr'>tum</span> <span class='ocrx_word' id='word_1_111' title='bbox 1053 1509 1137 1568; x_wconf 85' lang='lat' dir='ltr'>certe</span> 
     </span>
     <span class='ocr_line' id='line_1_14' title="bbox 91 1604 1137 1690; baseline 0.001 -21"><span class='ocrx_word' id='word_1_112' title='bbox 91 1606 146 1672; x_wconf 89' lang='lat' dir='ltr'>hoe</span> <span class='ocrx_word' id='word_1_113' title='bbox 169 1604 260 1688; x_wconf 94' lang='lat' dir='ltr'>quod</span> <span class='ocrx_word' id='word_1_114' title='bbox 288 1610 324 1667; x_wconf 89' lang='lat' dir='ltr'>tu</span> <span class='ocrx_word' id='word_1_115' title='bbox 348 1605 471 1686; x_wconf 84' lang='lat' dir='ltr'>expetis</span> <span class='ocrx_word' id='word_1_116' title='bbox 495 1625 588 1670; x_wconf 92' lang='lat' dir='ltr'>nemo</span> <span class='ocrx_word' id='word_1_117' title='bbox 603 1626 762 1690; x_wconf 62' lang='lat' dir='ltr'>⁴umquam</span> <span class='ocrx_word' id='word_1_118' title='bbox 784 1605 987 1688; x_wconf 89' lang='lat' dir='ltr'>adsequetur.</span> <span class='ocrx_word' id='word_1_119' title='bbox 1034 1627 1137 1688; x_wconf 91' lang='lat' dir='ltr'>neque</span> 
     </span>
     <span class='ocr_line' id='line_1_15' title="bbox 92 1707 1137 1791; baseline 0 -17"><span class='ocrx_word' id='word_1_120' title='bbox 92 1731 162 1775; x_wconf 82' lang='lat' dir='ltr'>reio</span> <span class='ocrx_word' id='word_1_121' title='bbox 185 1729 246 1775; x_wconf 86' lang='lat' dir='ltr'>vos</span> <span class='ocrx_word' id='word_1_122' title='bbox 271 1707 315 1771; x_wconf 92' lang='lat' dir='ltr'>ad</span> <span class='ocrx_word' id='word_1_123' title='bbox 339 1727 409 1770; x_wconf 90' lang='lat' dir='ltr'>earn</span> <span class='ocrx_word' id='word_1_124' title='bbox 431 1729 498 1772; x_wconf 89' lang='lat' dir='ltr'>rem</span> <span class='ocrx_word' id='word_1_125' title='bbox 514 1708 609 1775; x_wconf 90' lang='lat' dir='ltr'>video</span> <span class='ocrx_word' id='word_1_126' title='bbox 634 1730 703 1776; x_wconf 89' lang='lat' dir='ltr'>esse</span> <span class='ocrx_word' id='word_1_127' title='bbox 726 1710 945 1790; x_wconf 87' lang='lat' dir='ltr'>cohortandos,</span> <span class='ocrx_word' id='word_1_128' title='bbox 962 1730 1049 1791; x_wconf 88' lang='lat' dir='ltr'>quos,</span> <span class='ocrx_word' id='word_1_129' title='bbox 1066 1731 1137 1774; x_wconf 88' lang='lat' dir='ltr'>oum</span> 
     </span>
     <span class='ocr_line' id='line_1_16' title="bbox 50 1811 1137 1896; baseline -0.002 -17"><span class='ocrx_word' id='word_1_130' title='bbox 50 1835 76 1880; x_wconf 77' lang='lat' dir='ltr'>ru</span> <span class='ocrx_word' id='word_1_131' title='bbox 92 1815 165 1878; x_wconf 91' lang='lat' dir='ltr'>mihi</span> <span class='ocrx_word' id='word_1_132' title='bbox 189 1832 321 1896; x_wconf 90' lang='lat' dir='ltr'>quoque</span> <span class='ocrx_word' id='word_1_133' title='bbox 337 1811 414 1888; x_wconf 85' lang='lat' dir='ltr'>¹sitis</span> <span class='ocrx_word' id='word_1_134' title='bbox 436 1813 571 1892; x_wconf 90' lang='lat' dir='ltr'>molesti,</span> <span class='ocrx_word' id='word_1_135' title='bbox 595 1813 689 1880; x_wconf 91' lang='lat' dir='ltr'>nimis</span> <span class='ocrx_word' id='word_1_136' title='bbox 713 1815 808 1880; x_wconf 89' lang='lat' dir='ltr'>etiarn</span> <span class='ocrx_word' id='word_1_137' title='bbox 831 1813 966 1894; x_wconf 84' lang='lat' dir='ltr'>flagrare</span> <span class='ocrx_word' id='word_1_138' title='bbox 988 1812 1137 1894; x_wconf 83' lang='lat' dir='ltr'>intellego</span> 
     </span>
     <span class='ocr_line' id='line_1_17' title="bbox 94 1914 1207 2002; baseline -0.004 -20"><span class='ocrx_word' id='word_1_139' title='bbox 94 1918 277 2002; x_wconf 88' lang='lat' dir='ltr'>eupiditate.</span> <span class='ocrx_word' id='word_1_140' title='bbox 314 1914 371 1980; x_wconf 88' lang='lat' dir='ltr'>sed</span> <span class='ocrx_word' id='word_1_141' title='bbox 394 1916 534 1999; x_wconf 84' lang='lat' dir='ltr'>profecto</span> <span class='ocrx_word' id='word_1_142' title='bbox 558 1918 662 1983; x_wconf 89' lang='lat' dir='ltr'>studia</span> <span class='ocrx_word' id='word_1_143' title='bbox 685 1919 764 1983; x_wconf 93' lang='lat' dir='ltr'>nihil</span> <span class='ocrx_word' id='word_1_144' title='bbox 784 1922 916 2000; x_wconf 88' lang='lat' dir='ltr'>prosunt</span> <span class='ocrx_word' id='word_1_145' title='bbox 931 1914 1137 1998; x_wconf 87' lang='lat' dir='ltr'>perveniendi</span> <span class='ocrx_word' id='word_1_146' title='bbox 1158 1929 1207 1978; x_wconf 85' lang='lat'>135</span> 
     </span>
     <span class='ocr_line' id='line_1_18' title="bbox 94 2016 1135 2104; baseline -0.003 -20"><span class='ocrx_word' id='word_1_147' title='bbox 94 2023 205 2104; x_wconf 88' lang='lat' dir='ltr'>aliquo,</span> <span class='ocrx_word' id='word_1_148' title='bbox 230 2021 295 2084; x_wconf 89' lang='lat' dir='ltr'>nisi</span> <span class='ocrx_word' id='word_1_149' title='bbox 325 2017 404 2082; x_wconf 91' lang='lat' dir='ltr'>illud</span> <span class='ocrx_word' id='word_1_150' title='bbox 432 2020 517 2102; x_wconf 94' lang='lat' dir='ltr'>quod</span> <span class='ocrx_word' id='word_1_151' title='bbox 549 2041 586 2085; x_wconf 93' lang='lat' dir='ltr'>eo</span> <span class='ocrx_word' id='word_1_152' title='bbox 617 2042 678 2104; x_wconf 93' lang='lat' dir='ltr'>quo</span> <span class='ocrx_word' id='word_1_153' title='bbox 705 2019 854 2087; x_wconf 89' lang='lat' dir='ltr'>intendas</span> <span class='ocrx_word' id='word_1_154' title='bbox 882 2017 963 2082; x_wconf 84' lang='lat' dir='ltr'>ferat</span> <span class='ocrx_word' id='word_1_155' title='bbox 990 2016 1135 2082; x_wconf 90' lang='lat' dir='ltr'>deducat-</span> 
     </span>
     <span class='ocr_line' id='line_1_19' title="bbox 97 2121 1137 2208; baseline -0.006 -18"><span class='ocrx_word' id='word_1_156' title='bbox 97 2146 152 2206; x_wconf 88' lang='lat' dir='ltr'>que</span> <span class='ocrx_word' id='word_1_157' title='bbox 183 2123 344 2208; x_wconf 83' lang='lat' dir='ltr'>cognoris.</span> <span class='ocrx_word' id='word_1_158' title='bbox 392 2145 460 2205; x_wconf 90' lang='lat' dir='ltr'>qua</span> <span class='ocrx_word' id='word_1_159' title='bbox 489 2145 523 2189; x_wconf 91' lang='lat' dir='ltr'>re</span> <span class='ocrx_word' id='word_1_160' title='bbox 555 2127 703 2206; x_wconf 89' lang='lat' dir='ltr'>quoniam</span> <span class='ocrx_word' id='word_1_161' title='bbox 734 2124 811 2188; x_wconf 91' lang='lat' dir='ltr'>mihi</span> <span class='ocrx_word' id='word_1_162' title='bbox 845 2122 947 2188; x_wconf 87' lang='lat' dir='ltr'>levius</span> <span class='ocrx_word' id='word_1_163' title='bbox 978 2121 1137 2203; x_wconf 82' lang='lat' dir='ltr'>quoddam</span> 
     </span>
     <span class='ocr_line' id='line_1_20' title="bbox 97 2223 1136 2312; baseline -0.005 -20"><span class='ocrx_word' id='word_1_164' title='bbox 97 2250 172 2294; x_wconf 90' lang='lat' dir='ltr'>onus</span> <span class='ocrx_word' id='word_1_165' title='bbox 201 2227 369 2312; x_wconf 88' lang='lat' dir='ltr'>imponitis</span> <span class='ocrx_word' id='word_1_166' title='bbox 399 2247 502 2309; x_wconf 89' lang='lat' dir='ltr'>neque</span> <span class='ocrx_word' id='word_1_167' title='bbox 534 2248 574 2292; x_wconf 94' lang='lat' dir='ltr'>ex</span> <span class='ocrx_word' id='word_1_168' title='bbox 606 2252 656 2295; x_wconf 90' lang='lat' dir='ltr'>me</span> <span class='ocrx_word' id='word_1_169' title='bbox 687 2230 727 2294; x_wconf 93' lang='lat' dir='ltr'>de</span> <span class='ocrx_word' id='word_1_170' title='bbox 758 2227 889 2292; x_wconf 87' lang='lat' dir='ltr'>oratoris</span> <span class='ocrx_word' id='word_1_171' title='bbox 916 2233 993 2306; x_wconf 90' lang='lat' dir='ltr'>arte,</span> <span class='ocrx_word' id='word_1_172' title='bbox 1018 2225 1075 2291; x_wconf 88' lang='lat' dir='ltr'>sed</span> <span class='ocrx_word' id='word_1_173' title='bbox 1097 2223 1136 2288; x_wconf 91' lang='lat' dir='ltr'>de</span> 
     </span>
     <span class='ocr_line' id='line_1_21' title="bbox 52 2331 1136 2415; baseline -0.001 -21"><span class='ocrx_word' id='word_1_174' title='bbox 52 2349 81 2396; x_wconf 81' lang='lat' dir='ltr'>ao</span> <span class='ocrx_word' id='word_1_175' title='bbox 98 2331 154 2396; x_wconf 89' lang='lat' dir='ltr'>hac</span> <span class='ocrx_word' id='word_1_176' title='bbox 172 2352 246 2397; x_wconf 91' lang='lat' dir='ltr'>mea</span> <span class='ocrx_word' id='word_1_177' title='bbox 261 2331 550 2414; x_wconf 89' lang='lat' dir='ltr'>quantulacumque</span> <span class='ocrx_word' id='word_1_178' title='bbox 570 2341 618 2398; x_wconf 88' lang='lat' dir='ltr'>est</span> <span class='ocrx_word' id='word_1_179' title='bbox 633 2333 784 2398; x_wconf 81' lang='lat' dir='ltr'>facultate</span> <span class='ocrx_word' id='word_1_180' title='bbox 800 2331 960 2413; x_wconf 83' lang='lat' dir='ltr'>quaeritis,</span> <span class='ocrx_word' id='word_1_181' title='bbox 978 2350 1136 2415; x_wconf 87' lang='lat' dir='ltr'>exponam</span> 
     </span>
     <span class='ocr_line' id='line_1_22' title="bbox 99 2433 1136 2520; baseline -0.002 -22"><span class='ocrx_word' id='word_1_182' title='bbox 99 2438 182 2502; x_wconf 85' lang='lat' dir='ltr'>vobis</span> <span class='ocrx_word' id='word_1_183' title='bbox 210 2456 273 2501; x_wconf 92' lang='lat' dir='ltr'>uon</span> <span class='ocrx_word' id='word_1_184' title='bbox 305 2434 465 2516; x_wconf 89' lang='lat' dir='ltr'>quandam</span> <span class='ocrx_word' id='word_1_185' title='bbox 492 2442 547 2500; x_wconf 90' lang='lat' dir='ltr'>aut</span> <span class='ocrx_word' id='word_1_186' title='bbox 574 2435 826 2520; x_wconf 80' lang='lat' dir='ltr'>perreconditam</span> <span class='ocrx_word' id='word_1_187' title='bbox 854 2443 908 2498; x_wconf 88' lang='lat' dir='ltr'>aut</span> <span class='ocrx_word' id='word_1_188' title='bbox 935 2433 1029 2498; x_wconf 85' lang='lat' dir='ltr'>valde</span> <span class='ocrx_word' id='word_1_189' title='bbox 1057 2433 1136 2496; x_wconf 84' lang='lat' dir='ltr'>difli-</span> 
     </span>
     <span class='ocr_line' id='line_1_23' title="bbox 63 2525 1137 2623; baseline -0.008 -15"><span class='ocrx_word' id='word_1_190' title='bbox 63 2541 184 2608; x_wconf 88' lang='lat' dir='ltr'>.cilem</span> <span class='ocrx_word' id='word_1_191' title='bbox 211 2546 268 2603; x_wconf 89' lang='lat' dir='ltr'>aut</span> <span class='ocrx_word' id='word_1_192' title='bbox 295 2535 498 2622; x_wconf 82' lang='lat' dir='ltr'>magnificam</span> <span class='ocrx_word' id='word_1_193' title='bbox 525 2547 581 2603; x_wconf 88' lang='lat' dir='ltr'>aut</span> <span class='ocrx_word' id='word_1_194' title='bbox 607 2561 739 2623; x_wconf 84' lang='lat' dir='ltr'>gravem</span> <span class='ocrx_word' id='word_1_195' title='bbox 761 2539 917 2603; x_wconf 89' lang='lat' dir='ltr'>rationem</span> <span class='ocrx_word' id='word_1_196' title='bbox 941 2525 1137 2602; x_wconf 86' lang='lat' dir='ltr'>cousuetudi-</span> 
     </span>
     <span class='ocr_line' id='line_1_24' title="bbox 100 2640 1194 2724; baseline 0.002 -20"><span class='ocrx_word' id='word_1_197' title='bbox 100 2643 145 2707; x_wconf 92' lang='lat' dir='ltr'>nis</span> <span class='ocrx_word' id='word_1_198' title='bbox 170 2663 271 2723; x_wconf 88' lang='lat' dir='ltr'>meae,</span> <span class='ocrx_word' id='word_1_199' title='bbox 300 2662 363 2723; x_wconf 91' lang='lat' dir='ltr'>qua</span> <span class='ocrx_word' id='word_1_200' title='bbox 386 2643 544 2724; x_wconf 89' lang='lat' dir='ltr'>quondam</span> <span class='ocrx_word' id='word_1_201' title='bbox 577 2644 686 2708; x_wconf 89' lang='lat' dir='ltr'>solitus</span> <span class='ocrx_word' id='word_1_202' title='bbox 717 2663 785 2707; x_wconf 84' lang='lat' dir='ltr'>sum</span> <span class='ocrx_word' id='word_1_203' title='bbox 817 2643 871 2722; x_wconf 88' lang='lat' dir='ltr'>uti,</span> <span class='ocrx_word' id='word_1_204' title='bbox 896 2662 967 2706; x_wconf 89' lang='lat' dir='ltr'>oum</span> <span class='ocrx_word' id='word_1_205' title='bbox 996 2642 1073 2705; x_wconf 93' lang='lat' dir='ltr'>mihi</span> <span class='ocrx_word' id='word_1_206' title='bbox 1103 2640 1137 2703; x_wconf 93' lang='lat' dir='ltr'>iu</span> <span class='ocrx_word' id='word_1_207' title='bbox 1191 2701 1194 2706; x_wconf 91' lang='lat'>.</span> 
     </span>
     <span class='ocr_line' id='line_1_25' title="bbox 100 2742 1205 2828; baseline -0.005 -19"><span class='ocrx_word' id='word_1_208' title='bbox 100 2747 155 2810; x_wconf 89' lang='lat' dir='ltr'>isto</span> <span class='ocrx_word' id='word_1_209' title='bbox 186 2746 291 2811; x_wconf 89' lang='lat' dir='ltr'>studio</span> <span class='ocrx_word' id='word_1_210' title='bbox 323 2747 442 2810; x_wconf 89' lang='lat' dir='ltr'>versari</span> <span class='ocrx_word' id='word_1_211' title='bbox 474 2746 671 2812; x_wconf 89' lang='lat' dir='ltr'>adulescenti</span> <span class='ocrx_word' id='word_1_212' title='bbox 698 2742 835 2810; x_wconf 81' lang='lat' dir='ltr'>lioebat.&gt;</span> <span class='ocrx_word' id='word_1_213' title='bbox 885 2751 951 2808; x_wconf 90' lang='lat' dir='ltr'>tum</span> <span class='ocrx_word' id='word_1_214' title='bbox 980 2744 1137 2828; x_wconf 83' lang='lat' dir='ltr'>Sulpicius</span> <span class='ocrx_word' id='word_1_215' title='bbox 1158 2758 1205 2805; x_wconf 81' lang='lat' dir='ltr'>rao</span> 
     </span>
     <span class='ocr_line' id='line_1_26' title="bbox 53 2841 1136 2938; baseline -0.007 -20"><span class='ocrx_word' id='word_1_216' title='bbox 53 2873 83 2918; x_wconf 74' lang='lat' dir='ltr'>aa</span> <span class='ocrx_word' id='word_1_217' title='bbox 100 2841 126 2914; x_wconf 74' lang='lat' dir='ltr'>‘o</span> <span class='ocrx_word' id='word_1_218' title='bbox 153 2851 247 2930; x_wconf 91' lang='lat' dir='ltr'>diem,</span> <span class='ocrx_word' id='word_1_219' title='bbox 272 2851 374 2930; x_wconf 81' lang='lat' dir='ltr'>Cotta,</span> <span class='ocrx_word' id='word_1_220' title='bbox 399 2846 501 2915; x_wconf 79' lang='lat' dir='ltr'>nobis’</span> <span class='ocrx_word' id='word_1_221' title='bbox 523 2851 625 2932; x_wconf 89' lang='lat' dir='ltr'>inquit</span> <span class='ocrx_word' id='word_1_222' title='bbox 648 2845 817 2933; x_wconf 79' lang='lat' dir='ltr'>‘optatuml</span> <span class='ocrx_word' id='word_1_223' title='bbox 857 2848 942 2929; x_wconf 91' lang='lat' dir='ltr'>quod</span> <span class='ocrx_word' id='word_1_224' title='bbox 969 2849 1054 2938; x_wconf 91' lang='lat' dir='ltr'>enim</span> <span class='ocrx_word' id='word_1_225' title='bbox 1084 2866 1136 2910; x_wconf 95' lang='lat' dir='ltr'>ne-</span> 
     </span>
     <span class='ocr_line' id='line_1_27' title="bbox 101 2949 1136 3038; baseline -0.003 -21"><span class='ocrx_word' id='word_1_226' title='bbox 101 2973 157 3034; x_wconf 89' lang='lat' dir='ltr'>que</span> <span class='ocrx_word' id='word_1_227' title='bbox 186 2954 334 3038; x_wconf 91' lang='lat' dir='ltr'>precibus</span> <span class='ocrx_word' id='word_1_228' title='bbox 363 2974 512 3036; x_wconf 90' lang='lat' dir='ltr'>umquam</span> <span class='ocrx_word' id='word_1_229' title='bbox 544 2975 605 3020; x_wconf 88' lang='lat' dir='ltr'>nec</span> <span class='ocrx_word' id='word_1_230' title='bbox 633 2952 814 3018; x_wconf 90' lang='lat' dir='ltr'>insidiando</span> <span class='ocrx_word' id='word_1_231' title='bbox 849 2972 908 3016; x_wconf 91' lang='lat' dir='ltr'>neo</span> <span class='ocrx_word' id='word_1_232' title='bbox 942 2949 1136 3035; x_wconf 89' lang='lat' dir='ltr'>speculando</span> 
     </span>
     <span class='ocr_line' id='line_1_28' title="bbox 101 3047 1240 3141; baseline -0.003 -21"><span class='ocrx_word' id='word_1_233' title='bbox 101 3057 226 3139; x_wconf 86' lang='lat' dir='ltr'>adsequi</span> <span class='ocrx_word' id='word_1_234' title='bbox 260 3057 360 3141; x_wconf 87' lang='lat' dir='ltr'>potui,</span> <span class='ocrx_word' id='word_1_235' title='bbox 390 3064 434 3136; x_wconf 88' lang='lat' dir='ltr'>ut,</span> <span class='ocrx_word' id='word_1_236' title='bbox 466 3056 541 3138; x_wconf 91' lang='lat' dir='ltr'>quid</span> <span class='ocrx_word' id='word_1_237' title='bbox 572 3057 703 3121; x_wconf 79' lang='lat' dir='ltr'>Crassus</span> <span class='ocrx_word' id='word_1_238' title='bbox 737 3062 847 3139; x_wconf 82' lang='lat' dir='ltr'>ageret</span> <span class='ocrx_word' id='word_1_239' title='bbox 876 3053 1051 3119; x_wconf 83' lang='lat' dir='ltr'>meditandi</span> <span class='ocrx_word' id='word_1_240' title='bbox 1081 3060 1136 3117; x_wconf 88' lang='lat' dir='ltr'>aut</span> <span class='ocrx_word' id='word_1_241' title='bbox 1238 3047 1240 3052; x_wconf 73' lang='grc'><strong>’</strong></span> 
     </span>
     <span class='ocr_line' id='line_1_29' title="bbox 101 3157 1135 3240; baseline -0.002 -18"><span class='ocrx_word' id='word_1_242' title='bbox 101 3159 222 3226; x_wconf 85' lang='lat' dir='ltr'>dicendi</span> <span class='ocrx_word' id='word_1_243' title='bbox 250 3180 356 3240; x_wconf 89' lang='lat' dir='ltr'>causa,</span> <span class='ocrx_word' id='word_1_244' title='bbox 380 3181 443 3225; x_wconf 93' lang='lat' dir='ltr'>nou</span> <span class='ocrx_word' id='word_1_245' title='bbox 470 3160 562 3225; x_wconf 90' lang='lat' dir='ltr'>modo</span> <span class='ocrx_word' id='word_1_246' title='bbox 586 3159 694 3224; x_wconf 91' lang='lat' dir='ltr'>videre</span> <span class='ocrx_word' id='word_1_247' title='bbox 718 3159 804 3239; x_wconf 90' lang='lat' dir='ltr'>mihi,</span> <span class='ocrx_word' id='word_1_248' title='bbox 830 3158 886 3222; x_wconf 90' lang='lat' dir='ltr'>sed</span> <span class='ocrx_word' id='word_1_249' title='bbox 909 3179 950 3223; x_wconf 89' lang='lat' dir='ltr'>ex</span> <span class='ocrx_word' id='word_1_250' title='bbox 973 3159 1041 3222; x_wconf 93' lang='lat' dir='ltr'>eius</span> <span class='ocrx_word' id='word_1_251' title='bbox 1065 3157 1135 3221; x_wconf 87' lang='lat' dir='ltr'>scri·</span> 
     </span>
     <span class='ocr_line' id='line_1_30' title="bbox 101 3262 1151 3347; baseline -0.002 -21"><span class='ocrx_word' id='word_1_252' title='bbox 101 3269 185 3344; x_wconf 91' lang='lat' dir='ltr'>ptore</span> <span class='ocrx_word' id='word_1_253' title='bbox 208 3270 241 3328; x_wconf 90' lang='lat' dir='ltr'>et</span> <span class='ocrx_word' id='word_1_254' title='bbox 266 3265 383 3328; x_wconf 84' lang='lat' dir='ltr'>lectore</span> <span class='ocrx_word' id='word_1_255' title='bbox 405 3263 534 3347; x_wconf 93' lang='lat' dir='ltr'>Diphilo</span> <span class='ocrx_word' id='word_1_256' title='bbox 567 3263 719 3347; x_wconf 84' lang='lat' dir='ltr'>suspicari</span> <span class='ocrx_word' id='word_1_257' title='bbox 751 3262 868 3342; x_wconf 87' lang='lat' dir='ltr'>liceret,</span> <span class='ocrx_word' id='word_1_258' title='bbox 893 3262 925 3326; x_wconf 92' lang='lat' dir='ltr'>id</span> <span class='ocrx_word' id='word_1_259' title='bbox 957 3281 1047 3344; x_wconf 88' lang='lat' dir='ltr'>spero</span> <span class='ocrx_word' id='word_1_260' title='bbox 1078 3275 1151 3324; x_wconf 71' lang='lat' dir='ltr'>nos&#39;</span> 
     </span>
     <span class='ocr_line' id='line_1_31' title="bbox 57 3363 1134 3451; baseline -0.003 -21"><span class='ocrx_word' id='word_1_261' title='bbox 57 3386 84 3432; x_wconf 85' lang='lat' dir='ltr'>ao</span> <span class='ocrx_word' id='word_1_262' title='bbox 102 3385 166 3431; x_wconf 85' lang='lat' dir='ltr'>esse</span> <span class='ocrx_word' id='word_1_263' title='bbox 190 3367 323 3451; x_wconf 88' lang='lat' dir='ltr'>adeptos</span> <span class='ocrx_word' id='word_1_264' title='bbox 346 3368 515 3448; x_wconf 89' lang='lat' dir='ltr'>omniaque</span> <span class='ocrx_word' id='word_1_265' title='bbox 539 3369 603 3432; x_wconf 90' lang='lat' dir='ltr'>iam</span> <span class='ocrx_word' id='word_1_266' title='bbox 628 3387 669 3432; x_wconf 93' lang='lat' dir='ltr'>ex</span> <span class='ocrx_word' id='word_1_267' title='bbox 692 3368 771 3450; x_wconf 91' lang='lat' dir='ltr'>ipso,</span> <span class='ocrx_word' id='word_1_268' title='bbox 794 3386 877 3447; x_wconf 90' lang='lat' dir='ltr'>quae</span> <span class='ocrx_word' id='word_1_269' title='bbox 899 3365 955 3429; x_wconf 91' lang='lat' dir='ltr'>diu</span> <span class='ocrx_word' id='word_1_270' title='bbox 981 3363 1134 3446; x_wconf 90' lang='lat' dir='ltr'>cupimus,</span> 
     </span>
     <span class='ocr_line' id='line_1_32' title="bbox 10 3468 1064 3560; baseline 0.002 -29"><span class='ocrx_word' id='word_1_271' title='bbox 10 3549 12 3560; x_wconf 36' lang='grc' dir='ltr'>Ι</span> <span class='ocrx_word' id='word_1_272' title='bbox 103 3468 299 3553; x_wconf 84' lang='lat' dir='ltr'>cognituros’</span> <span class='ocrx_word' id='word_1_273' title='bbox 720 3532 722 3540; x_wconf 87' lang='grc'><em>,</em></span> <span class='ocrx_word' id='word_1_274' title='bbox 1061 3476 1064 3484; x_wconf 92' lang='grc'><strong>’</strong></span> 
     </span>
     <span class='ocr_line' id='line_1_33' title="bbox 200 3557 1203 3677; baseline -0.008 -37"><span class='ocrx_word' id='word_1_275' title='bbox 200 3577 281 3640; x_wconf 91' lang='lat' dir='ltr'>Tum</span> <span class='ocrx_word' id='word_1_276' title='bbox 298 3575 430 3662; x_wconf 84' lang='lat' dir='ltr'>Crassus</span> <span class='ocrx_word' id='word_1_277' title='bbox 453 3566 550 3656; x_wconf 87' lang='lat' dir='ltr'>‘atqui</span> <span class='ocrx_word' id='word_1_278' title='bbox 574 3575 717 3653; x_wconf 87' lang='lat' dir='ltr'>arbitror,</span> <span class='ocrx_word' id='word_1_279' title='bbox 740 3572 869 3655; x_wconf 83' lang='lat' dir='ltr'>Sulpici,</span> <span class='ocrx_word' id='word_1_280' title='bbox 891 3591 962 3633; x_wconf 87' lang='lat' dir='ltr'>eum</span> <span class='ocrx_word' id='word_1_281' title='bbox 984 3567 1132 3648; x_wconf 87' lang='lat' dir='ltr'>audieris,</span> <span class='ocrx_word' id='word_1_282' title='bbox 1154 3557 1203 3677; x_wconf 66' lang='lat'><strong>13317</strong></span> 
     </span>
     <span class='ocr_line' id='line_1_34' title="bbox 103 3671 1133 3757; baseline -0.004 -19"><span class='ocrx_word' id='word_1_283' title='bbox 103 3696 161 3741; x_wconf 90' lang='lat' dir='ltr'>uon</span> <span class='ocrx_word' id='word_1_284' title='bbox 183 3684 247 3743; x_wconf 88' lang='lat' dir='ltr'>tam</span> <span class='ocrx_word' id='word_1_285' title='bbox 272 3684 303 3742; x_wconf 88' lang='lat' dir='ltr'>te</span> <span class='ocrx_word' id='word_1_286' title='bbox 326 3677 406 3741; x_wconf 89' lang='lat' dir='ltr'>haec</span> <span class='ocrx_word' id='word_1_287' title='bbox 425 3676 651 3741; x_wconf 90' lang='lat' dir='ltr'>admiraturum</span> <span class='ocrx_word' id='word_1_288' title='bbox 670 3696 751 3757; x_wconf 89' lang='lat' dir='ltr'>quae</span> <span class='ocrx_word' id='word_1_289' title='bbox 764 3675 888 3751; x_wconf 85' lang='lat' dir='ltr'>dixero,</span> <span class='ocrx_word' id='word_1_290' title='bbox 910 3692 1004 3750; x_wconf 91' lang='lat' dir='ltr'>quam</span> <span class='ocrx_word' id='word_1_291' title='bbox 1028 3671 1133 3734; x_wconf 89' lang='lat' dir='ltr'>existi-</span> 
     </span>
     <span class='ocr_line' id='line_1_35' title="bbox 104 3775 1133 3860; baseline -0.009 -17"><span class='ocrx_word' id='word_1_292' title='bbox 104 3787 253 3846; x_wconf 85' lang='lat' dir='ltr'>maturum</span> <span class='ocrx_word' id='word_1_293' title='bbox 287 3787 369 3860; x_wconf 91' lang='lat' dir='ltr'>tum,</span> <span class='ocrx_word' id='word_1_294' title='bbox 400 3799 470 3843; x_wconf 90' lang='lat' dir='ltr'>cum</span> <span class='ocrx_word' id='word_1_295' title='bbox 499 3781 544 3843; x_wconf 67' lang='lat' dir='ltr'>&#39;ea</span> <span class='ocrx_word' id='word_1_296' title='bbox 577 3779 686 3842; x_wconf 87' lang='lat' dir='ltr'>audire</span> <span class='ocrx_word' id='word_1_297' title='bbox 720 3775 884 3856; x_wconf 77' lang='lat' dir='ltr'>cupieba&#39;S,</span> <span class='ocrx_word' id='word_1_298' title='bbox 916 3790 1044 3832; x_wconf 89' lang='lat' dir='ltr'>causam</span> <span class='ocrx_word' id='word_1_299' title='bbox 1079 3791 1133 3834; x_wconf 89' lang='lat' dir='ltr'>cur</span> 
     </span>
    </p>
   </div>
   <div class='ocr_carea' id='block_1_3' title="bbox 149 3875 976 3932">
    <p class='ocr_par' dir='ltr' id='par_1_4' title="bbox 149 3875 976 3932">
     <span class='ocr_line' id='line_1_36' title="bbox 149 3875 976 3932; baseline -0.01 0"><span class='ocrx_word' id='word_1_300' title='bbox 149 3892 252 3932; x_wconf 83' lang='lat' dir='ltr'>Ciceronis</span> <span class='ocrx_word' id='word_1_301' title='bbox 267 3891 292 3932; x_wconf 90' lang='lat' dir='ltr'>de</span> <span class='ocrx_word' id='word_1_302' title='bbox 307 3895 388 3931; x_wconf 84' lang='lat' dir='ltr'>oratore</span> <span class='ocrx_word' id='word_1_303' title='bbox 402 3888 458 3928; x_wconf 76' lang='lat' dir='ltr'>libri.</span> <span class='ocrx_word' id='word_1_304' title='bbox 659 3922 662 3928; x_wconf 78' lang='grc'><strong><em>,</em></strong></span> <span class='ocrx_word' id='word_1_305' title='bbox 961 3875 976 3919; x_wconf 87' lang='grc'>3</span> 
     </span>
    </p>
   </div>
   <div class='ocr_carea' id='block_1_4' title="bbox 1159 1274 1207 1394">
    <p class='ocr_par' dir='ltr' id='par_1_5' title="bbox 1159 1274 1207 1394">
     <span class='ocr_line' id='line_1_37' title="bbox 1162 1274 1199 1329; baseline -0.027 0"><span class='ocrx_word' id='word_1_306' title='bbox 1162 1274 1199 1329; x_wconf 83' lang='grc'>30</span> 
     </span>
     <span class='ocr_line' id='line_1_38' title="bbox 1159 1349 1207 1394; baseline 0 0"><span class='ocrx_word' id='word_1_307' title='bbox 1159 1349 1207 1394; x_wconf 82' lang='lat'>134</span> 
     </span>
    </p>
   </div>
   <div class='ocr_carea' id='block_1_5' title="bbox 0 0 1438 4110">
    <p class='ocr_par' dir='ltr' id='par_1_6' title="bbox 0 0 1438 4110">
     <span class='ocr_line' id='line_1_39' title="bbox 0 0 1438 4110; baseline 0 1"><span class='ocrx_word' id='word_1_308' title='bbox 0 0 1438 4110; x_wconf 95' lang='lat' dir='ltr'> </span> 
     </span>
    </p>
   </div>
  </div>
 </body>
</html>
