2836 4114
340 229 452 284 LIBER
464 230 516 285 111.
541 231 623 285 CAP.
637 233 678 287 32.
704 235 718 295 ἓ
732 233 877 288 lar-131.
1062 217 1127 308 203

85 403 148 467 nali
171 404 359 470 celebritate
380 402 534 486 ludorum,
557 404 711 490 gloriatus
734 413 782 472 θεῖ
805 413 920 472 cuncta
949 427 1052 492 paene
1074 428 1127 473 au·
1195 463 1197 469 .

86 505 193 572 diente
223 507 361 575 Graecia
391 505 469 572 nihil
499 527 570 575 esse
600 509 664 575 ulla
694 511 727 575 in
758 516 826 575 arte
856 531 961 576 rerum
987 512 1127 576 omnium

85 610 169 692 quod
192 611 262 697 ipse
284 611 438 678 nesciret:
463 635 523 679 nec
546 615 647 680 solum
670 614 728 680 has
750 615 828 681 artis
845 615 958 698 quibus
980 615 1126 682 liberales

12 753 13 796 q
84 714 249 783 doctrinae
270 722 369 800 atquc
391 717 550 803 ingenuae
574 719 818 800 continerentur,
841 719 1047 804 geometriam
1062 740 1127 785 mu·

54 831 68 876 5
84 820 183 885 sicam
205 821 381 887 htterarnm
404 822 617 906 cognitionem
639 830 670 888 et
685 830 849 907 poetarum
863 830 959 906 atquc
974 823 1028 888 illa
1044 843 1125 906 quae

84 924 124 991 de
147 925 270 991 naturis
293 945 407 1008 rerum,
432 947 514 1010 quae
544 925 583 992 de
607 927 770 994 hominum
792 928 942 1010 moribus,
974 948 1055 1011 qnae
1086 927 1126 994 de

83 1031 180 1096 rebus
214 1030 352 1114 publicis
381 1030 577 1116 dicerentur;
609 1031 665 1097 sed
696 1032 826 1097 anulum
856 1053 951 1115 quem
984 1032 1126 1114 haberet,

83 1135 217 1219 pallium
247 1154 310 1217 quo
342 1135 484 1218 amictus,
515 1155 623 1202 soccos
654 1137 770 1219 quibus
801 1135 930 1202 indutus
964 1142 1057 1218 esset,
1092 1155 1127 1202 εθ

84 1259 142 1305 sua
165 1259 263 1304 manu
287 1237 470 1306 confecisse.
517 1240 637 1305 scilicet
660 1240 755 1306 nimis
777 1240 829 1306 hic
853 1240 981 1325 quidem
996 1246 1045 1307 est
1059 1261 1127 1326 pro·
1147 1256 1195 1304 ms

42 1349 68 1398 10
84 1363 231 1428 gressus;
255 1341 313 1408 sed
337 1362 378 1407 ex
401 1364 438 1410 eo
461 1345 531 1428 ipso
553 1349 601 1410 est
631 1344 814 1410 coniectura
841 1344 944 1411 facilis
974 1352 1127 1428 quantum

84 1553 137 1634 qui
160 1573 203 1618 nc
226 1550 418 1618 sordidiores
440 1552 568 1635 quidem
584 1552 791 1638 repudiarint.
839 1552 915 1636 quid
938 1553 979 1618 de
994 1553 1127 1619 Prodico

84 1657 151 1738 Cio,
174 1655 217 1721 de
239 1654 479 1739 Thrasymacho
503 1656 728 1739 Galohedonio,
759 1655 799 1722 de
830 1658 1003 1745 Protagora
1024 1655 1128 1723 Abde-

84 1761 145 1826 rita
167 1760 306 1842 loquar?
331 1780 461 1842 quorum
483 1781 565 1833 unus
588 1761 722 1843 quisque
749 1761 918 1846 plurimum
933 1761 1127 1845 temporibus

43 1873 68 1922 15
84 1866 146 1930 illis
169 1865 267 1930 etiam
290 1863 330 1928 de
353 1872 465 1931 natura
486 1886 592 1932 rerum
615 1871 647 1931 et
669 1865 817 1931 disseruit
840 1872 871 1930 et
886 1865 1020 1951 scripsit.
1058 1864 1127 1949 ipse
1147 1881 1196 1951 129

84 1971 137 2036 ille
170 1969 347 2035 Leontinus
376 1970 520 2054 Gorgias,
555 1989 617 2051 quo
650 1975 794 2054 patrono,
825 1977 860 2034 ut
893 1971 984 2034 Plato
1017 1969 1127 2051 voluit,

85 2072 274 2159 philosopho
298 2075 461 2140 succubuit
484 2080 596 2156 orator,
621 2073 675 2157 qui
699 2079 843 2139 autnon
866 2080 915 2141 est
938 2073 1040 2139 victus
1062 2094 1127 2138 um-

86 2199 182 2262 quam
212 2199 233 2243 a
263 2179 392 2244 Socrate
422 2197 526 2260 neque
556 2197 659 2244 sermo
690 2178 742 2244 ille
772 2177 914 2244 Platonis
945 2173 1038 2243 verus
1069 2184 1126 2260 est,

85 2290 149 2365 aut,
173 2283 202 2349 si
225 2288 274 2348 est
296 2282 407 2364 victus,
432 2283 627 2365 eloquentior
656 2282 807 2349 videlicet
836 2283 896 2348 fuit
930 2287 960 2345 et
983 2280 1128 2346 disertior

12 2419 13 2422 ¹
42 2396 69 2445 20
85 2388 232 2454 Socrates
256 2392 297 2469 et,
327 2394 362 2452 ut
391 2394 426 2453 tu
456 2389 609 2473 appellas,
641 2387 796 2471 copiosior
826 2394 857 2452 et
887 2387 998 2452 melion
1024 2392 1128 2451 orator

85 2531 127 2540 -—
150 2491 209 2558 sed
231 2490 284 2557 hic
305 2491 340 2556 in
369 2492 422 2557 illo
453 2492 522 2577 ipsc
545 2491 687 2557 Platonis
710 2492 790 2558 libro
807 2490 847 2557 de
863 2489 950 2556 omni
963 2510 1007 2571 re,
1032 2510 1127 2572 quae·

86 2616 222 2680 cumque
244 2595 277 2660 in
300 2594 563 2680 disceptationem
586 2596 869 2678 quaestionemque
891 2601 1067 2679 vocaretur,
1092 2614 1126 2660 se

86 2700 311 2786 copiosissime·
326 2699 483 2765 dicturum
506 2719 576 2766 θεεθ
597 2699 779 2785 profitetur;
802 2699 892 2781 isque
914 2699 1062 2784 princeps
1085 2719 1126 2764 ex

86 2804 234 2870 omnibus
256 2824 352 2870 ansus
376 2804 479 2870 estin
501 2812 661 2870 conventu
693 2823 824 2888 poscere
848 2823 910 2886 qua
933 2803 973 2868 de
995 2823 1029 2868 re
1045 2803 1127 2886 quis·

42 2915 69 2965 ²5
87 2929 147 2991 que
170 2909 267 2974 vellet
289 2908 417 2993 audire;
442 2909 492 2973 cui
514 2914 621 2974 tantus
644 2908 746 2975 honos
769 2907 897 2974 habitus
920 2914 968 2974 θεῖ
989 2928 1010 2972 a
1031 2908 1127 2974 Grae-

88 3014 146 3095 cia,
171 3014 229 3080 soli
250 3019 286 3078 ut
308 3035 349 3079 ex
372 3013 518 3079 omnibus
539 3012 674 3097 Delphis
698 3033 761 3078 non
777 3012 924 3077 inaurata
939 3015 1053 3093 statua,
1070 3011 1127 3078 sed

87 3139 185 3184 aurea
207 3104 405 3184 statueretur.
452 3116 509 3184 sed
532 3118 554 3182 ii
578 3137 657 3200 quos
679 3116 843 3182 nominavi
866 3116 1018 3198 multique
1040 3129 1196 3201 prae-130

88 3229 175 3288 terea
198 3223 375 3305 summique
398 3221 526 3287 dicendi
555 3213 701 3288 doctores
732 3241 795 3286 uno
818 3226 959 3306 tempore
989 3219 1125 3284 fuerunt.

89 3348 129 3393 ex
160 3327 275 3409 quibus
307 3326 450 3410 intellegi
483 3333 588 3411 potest
621 3327 667 3390 ita
701 3345 736 3390 εθ
768 3344 835 3390 rem
866 3324 994 3404 habere,
1026 3327 1061 3387 ut
1082 3327 1126 3403 tu,

45 3436 73 3484 30
89 3430 324 3515 Crassadicis,
348 3431 544 3513 oratorisque
566 3449 683 3495 nomen
706 3428 793 3515 apud
814 3429 961 3510 antiquos
984 3427 1018 3493 in
1034 3427 1129 3492 Grae-

90 3537 138 3601 cia
159 3535 279 3601 maiore
301 3535 440 3618 quadam
463 3536 515 3600 vel
538 3536 629 3621 copia
652 3536 705 3600 vel
733 3534 834 3620 gloria
860 3529 1013 3598 floruisse.
1066 3550 1129 3612 quo
1149 3545 1197 3593 131

90 3639 216 3722 quidem
238 3640 341 3725 magis
364 3639 474 3704 dubito
497 3639 598 3705 tibine
620 3638 694 3722 plus
717 3637 821 3703 laudis
844 3657 885 3700 an
901 3633 1034 3702 Graecis
1048 3633 1129 3700 vitu-

89 3745 259 3828 perationis
282 3750 420 3810 statuam
443 3762 513 3808 esse
536 3742 756 3808 tribuendum:
782 3761 853 3806 cum
875 3744 908 3802 tu
931 3737 1051 3805 inalia
1072 3738 1130 3805 lin-

90 3868 152 3931 gua
173 3868 211 3913 ac
233 3848 374 3914 moribus
396 3851 489 3912 natus
513 3845 756 3930 occupatissima
779 3844 812 3908 in
836 3842 965 3910 civitate
994 3843 1046 3911 vel
1067 3845 1130 3927 pri-
