2834 4110
286 180 327 242 92
522 238 524 244 ,
547 195 660 249 LIBER
679 195 715 249 ΙΙ.
746 194 829 250 CAP.
843 198 884 250 20.
915 200 930 259 ἓ
948 197 1060 250 84-87.

285 377 374 434 tanta
396 369 457 434 hac
479 369 514 434 in
536 389 570 434 re
592 375 720 451 tamque
743 369 899 434 immensa
920 389 1014 453 posse
1036 368 1113 433 fieri.
1147 369 1197 433 sin
1220 375 1329 433 autem

285 474 339 556 qui
361 473 562 554 arbitrantur,
583 471 761 537 deducendi
784 480 857 537 sunt
878 457 927 536 ad'
946 491 999 537 eos
1022 472 1076 554 qui
1095 471 1176 536 haec
1197 471 1328 537 docent:

285 577 392 642 omnia
413 577 477 641 iam
495 577 655 661 explicata
677 582 708 640 et
730 576 886 660 perpolita
900 575 1129 660 adsequentur,
1153 583 1229 640 sunt
1245 577 1329 640 enim

286 679 535 746 innumerabiles
558 678 599 745 de
621 679 671 744 his
693 679 789 744 rebus
811 679 883 744 libri
898 699 1001 761 neque
1023 678 1125 744 abditi
1149 699 1256 761 neque
1279 680 1331 744 ob·

287 783 379 849 souri.
426 782 483 847 sed
506 782 638 848 videant
661 781 737 864 quid
759 783 870 863 velint,
901 781 943 846 ad
965 781 1183 847 ludendumne
1213 803 1257 847 an
1289 781 1361 848 adu

285 886 492 972 pugnandum
521 906 610 951 arma
639 886 704 951 sint
734 886 902 971 sumpturi:
934 885 1020 951 aliud
1050 887 1135 952 enim
1164 907 1278 971 pugna
1300 894 1331 951 et

285 992 381 1072 acies,
397 990 485 1056 aliud
499 990 592 1056 ludus
615 1011 808 1074 campusque
831 997 938 1056 noster
961 991 1129 1056 desiderat.
1165 1011 1206 1055 ac
1222 979 1329 1056 tamen

285 1115 337 1159 ars
359 1095 430 1179 ipsa
460 1093 581 1159 ludicra
603 1115 762 1160 armorum
786 1101 817 1159 et
839 1094 1007 1179 gladiatori
1031 1101 1063 1160 et
1084 1095 1178 1160 militi
1200 1094 1331 1179 prodest

285 1197 419 1282 aliquid,
451 1197 507 1262 sed
537 1197 662 1263 animus
692 1217 766 1262 acer
797 1204 829 1262 et
858 1217 1010 1282 praesens
1041 1205 1073 1262 et
1102 1205 1214 1264 acutus
1245 1199 1330 1264 idem

285 1308 381 1382 atquc
404 1307 549 1366 versutus
576 1301 710 1367 invictos
734 1301 818 1367 viros
847 1301 945 1366 efficit
968 1300 1043 1390 [non
1071 1300 1232 1368 difficilius
1261 1310 1329 1368 arte
1349 1316 1380 1362 ιο

288 1401 477 1490 coniuncta}

235 1519 267 1566 85
391 1506 462 1583 Qua
491 1527 526 1572 rc
556 1528 615 1593 ego
648 1508 708 1574 tibi
738 1516 895 1576 oratorem
925 1509 971 1574 sic
1000 1509 1064 1574 iam
1093 1509 1270 1590 instituam,
1302 1510 1328 1574 si

287 1617 427 1695 potuero,
451 1618 486 1676 ut
502 1612 578 1695 quid
594 1612 720 1678 efficere
743 1613 843 1697 possit
862 1620 938 1678 ante
959 1613 1160 1697 perspiciam.
1186 1613 1229 1678 sit
1244 1614 1328 1680 enim

287 1715 365 1780 mihi
387 1717 505 1782 tinctus
534 1717 662 1782 litteris:
694 1715 829 1781 audierit
858 1716 988 1799 aliquid,
1017 1717 1139 1800 legerit,
1170 1717 1233 1782 ista
1260 1717 1329 1802 ipsa

286 1827 458 1904 praecepta
484 1822 657 1906 acceperit,
687 1822 850 1905 temptabo
874 1820 951 1903 quid
980 1821 1101 1902 deceat,
1132 1820 1209 1902 quid
1238 1841 1327 1903 voce,
1350 1837 1380 1882 15

289 1924 365 2007 quid
387 1926 517 2006 viribus,
542 1925 618 2008 quid
641 1925 762 2010 spiritu,
787 1924 864 2007 quid
885 1926 996 2009 lingua
1011 1925 1138 1990 efficere
1159 1926 1269 2009 possit.
1302 1926 1329 1990 si

286 2029 470 2113 intellegam
492 2049 586 2112 posse
608 2029 651 2094 ad
680 2048 819 2094 summos
841 2029 1017 2113 pervenire,
1049 2048 1113 2094 non
1136 2029 1238 2093 solum
1262 2028 1330 2094 hor-

288 2133 378 2197 tabor
400 2136 435 2196 ut
458 2133 607 2213 elaboret,
639 2132 696 2198 sed
719 2134 824 2213 etiam,
857 2133 883 2197 si
906 2132 955 2196 vir
978 2151 1103 2214 quoque
1125 2133 1228 2197 bonus
1250 2132 1330 2197 mihi

287 2235 447 2301 videbitur
470 2256 550 2317 esse,
574 2236 760 2301 obsecrabo:
785 2242 908 2301 tantum
933 2256 992 2320 ego
1015 2236 1049 2301 in
1065 2236 1242 2300 excellente
1265 2256 1330 2300 ora-

287 2345 354 2403 tore
378 2344 408 2403 et
431 2339 543 2404 eodem
565 2341 649 2404 bono
671 2340 740 2405 viro
762 2360 846 2423 pono
869 2360 940 2406 esse
959 2340 1137 2405 ornamenti
1159 2341 1329 2405 universae
1347 2355 1381 2402 no

288 2443 418 2508 civitati.
451 2444 500 2508 sin
522 2443 690 2525 videbitur,
714 2465 786 2509 cum
806 2446 913 2510 omnia
936 2465 1059 2510 summa
1074 2444 1196 2526 fecerit,
1220 2451 1330 2509 tamen

288 2545 330 2611 ad
353 2545 520 2612 mediocris
543 2554 682 2613 oratores
698 2567 768 2614 esse
784 2555 947 2630 venturus,
970 2547 1151 2632 permittam
1174 2547 1236 2632 ipsi
1253 2548 1331 2631 quid

288 2651 379 2736 velit:
404 2651 553 2716 molestus
576 2672 693 2735 magno
709 2673 804 2737 opere
827 2674 890 2718 non
907 2673 968 2718 ero.
1001 2652 1050 2718 sin
1073 2653 1169 2737 plane
1183 2651 1331 2717 abhorre-

289 2755 336 2819 bit
359 2753 465 2820 eterit
487 2754 652 2836 absurdus,
676 2762 711 2820 ut
733 2777 768 2823 se
783 2757 943 2822 contineat
960 2756 1072 2821 autad
1087 2755 1175 2821 aliud
1190 2755 1332 2820 studium

238 2871 271 2919 86
289 2857 460 2923 transferat
481 2857 667 2925 admonebo.
714 2881 788 2924 narn
816 2881 920 2942 neque
950 2860 978 2925 is
1008 2861 1062 2942 qui
1084 2859 1203 2944 optime
1226 2865 1331 2943 potest
1350 2875 1382 2923 25

289 2961 484 3027 deserendus
512 2963 575 3027 ullo
605 2963 699 3028 modo
731 2971 779 3028 est
808 2983 828 3028 a
852 2963 1066 3028 cohortatione
1096 2969 1203 3028 nostra
1226 2982 1331 3044 ncquc

289 3066 393 3148 isqui
423 3065 543 3149 aliquid
574 3073 678 3151 potest
701 3066 922 3132 deterrendus:
954 3067 1038 3149 quod
1060 3067 1194 3131 alterum
1218 3064 1331 3131 divini-

289 3170 363 3235 tatis
394 3169 472 3235 milri
503 3170 667 3236 cuiusdam
700 3170 836 3251 videtur,
871 3171 1013 3251 alterum,
1049 3171 1101 3237 vel
1130 3191 1195 3235 non
1224 3168 1331 3235 facere

292 3273 376 3357 quod
405 3294 469 3339 non
492 3275 610 3359 optime
640 3275 742 3359 possis
764 3275 816 3340 vel
846 3273 951 3340 iacere
982 3273 1066 3356 quod
1097 3294 1161 3339 non
1191 3275 1331 3357 pessime

290 3377 401 3459 facias,
431 3377 652 3463 humanitatis;
682 3378 809 3442 tertium
832 3397 908 3443 vero
938 3376 1025 3459 illud,
1058 3377 1195 3442 clamare
1223 3384 1331 3442 contra
1350 3397 1382 3444 ao

292 3502 387 3565 quam
409 3480 522 3549 deceat
545 3487 576 3546 et
599 3500 694 3563 quam
716 3482 826 3566 possit,
850 3480 986 3546 hominis
1009 3488 1066 3562 cst,
1089 3487 1124 3545 ut
1140 3485 1184 3562 tu,
1208 3481 1329 3561 Catulo,

292 3584 332 3650 de
355 3585 492 3668 quodam
516 3586 685 3650 clamatore
707 3582 828 3666 dixisti,
845 3584 996 3650 stultitiae
1020 3604 1096 3649 suae
1120 3604 1215 3666 quam
1237 3584 1331 3668 pluri-

240 3703 273 3752 87
292 3707 360 3753 mos
378 3695 478 3754 tcstes
497 3687 670 3752 domestico
693 3688 862 3771 praeconio
879 3687 1076 3771 conligentis.
1105 3686 1145 3752 de
1161 3686 1221 3751 hoc
1237 3688 1331 3771 igitur

293 3791 428 3872 quierit
459 3791 530 3855 talis
560 3796 595 3854 ut
622 3790 833 3856 cohortandus
860 3790 1123 3872 adiuvandusque
1153 3791 1194 3856 sit
1224 3791 1269 3854 ite
1292 3792 1331 3855 lo-
