2834 4110
328 213 441 270 moun
458 185 494 270 u.
531 216 615 271 oAP.
630 219 706 273 u-e.
741 221 757 280 t
775 221 886 274 ae-oa
1085 202 1124 265 ll

85 408 176 470 quem
215 407 307 452 eram
340 386 478 471 futurus,
517 389 585 454 sine
622 411 694 455 mea
727 390 885 455 sententia
926 397 991 455 tam
1032 389 1126 456 facile

85 487 251 576 promisit?

185 596 271 659 Tum
303 615 413 660 omues
443 595 549 662 oculos
572 596 605 660 iu
639 597 813 662 Antonium
844 598 1059 681 conieccmnt3
1096 604 1127 662 et

84 699 134 764 ille
157 691 280 764 ‘audite
304 718 389 779 vero,
413 694 532 765 audite'
547 700 658 783 inquit.
699 693 870 766 ‘hominem
886 701 971 765 enim
990 699 1127 766 audietis

52 803 124 868 ade
146 803 258 868 schola
280 809 378 884 atque
401 823 421 866 a
442 805 594 888 magistro
618 811 649 870 et
669 805 799 870 Graecis
821 805 934 871 litteris
958 804 1125 870 eruditum.

86 913 116 971 et
139 927 176 972 eo
200 906 330 989 quidem
355 905 464 988 loquar
487 907 705 989 confidentius,
737 908 821 990 quod
846 909 976 974 Catulus
1003 908 1128 974 auditor

85 1011 229 1091 accessit,
255 1009 306 1074 oui
330 1030 394 1076 non
418 1010 518 1075 solum
542 1032 600 1076 nos
621 1012 727 1076 Latini
759 1013 922 1094 sermonis,
947 1012 1005 1078 sed
1033 1013 1128 1078 etiam

86 1115 198 1180 Graeci
230 1114 294 1199 ipsi
316 1115 419 1179 solent
440 1134 518 1180 snae
540 1115 668 1199 linguae
691 1115 897 1181 subtilitatem
925 1117 1128 1201 elegantiam-

86 1239 146 1301 que
173 1217 361 1284 concedere.
407 1217 464 1284 sed
495 1219 570 1301 quia
598 1225 707 1284 tamen
739 1219 801 1286 hoc
835 1226 952 1306 totum,
978 1220 1129 1304 quicquid
1147 1231 1179 1278 29

42 1333 69 1381 1⁰
86 1329 143 1404 est,
167 1323 238 1390 sive
266 1321 434 1387 artificium
465 1322 533 1388 sive
564 1322 703 1388 studium
733 1323 870 1405 dicendi,
902 1325 964 1390 nisi
994 1325 1129 1390 accessit

86 1446 130 1510 os,
160 1426 284 1491 nullum
314 1432 419 1510 potest
441 1446 521 1507 esse,
553 1426 673 1492 docebo
701 1446 768 1506 vos,
799 1427 956 1511 discipuli,
988 1427 1022 1493 id
1044 1428 1129 1510 quod

87 1529 154 1614 ipse
176 1550 244 1594 non
268 1529 375 1611 didici,
399 1530 475 1611 quid
498 1529 538 1596 de
561 1531 646 1595 omni
669 1551 786 1615 genere
805 1529 954 1619 [dicendi]
972 1527 1129 1598 sentiam.²

87 1633 137 1698 hio
158 1639 371 1718 posteaquam
397 1632 585 1715 aduiscrunt,
617 1626 678 1700 ‘res
708 1635 786 1699 mihi
815 1635 942 1700 videtur
973 1631 1054 1701 esse'
1084 1637 1129 1700 in·
1148 1645 1181 1693 30

89 1738 154 1818 quit
175 1731 341 1802 ‘facultate
364 1738 535 1821 praeclara,
551 1744 618 1802 arte
634 1737 810 1803 mediocris.
850 1759 902 1803 ars
919 1739 1005 1803 enim
1021 1758 1129 1802 earum

46 1859 190 1906 tororum
222 1846 272 1906 est
302 1859 384 1922 quae
415 1841 569 1926 sciuntur,
604 1842 736 1908 oratoris
769 1848 878 1906 autem
911 1840 1013 1906 omnis
1046 1842 1129 1905 actio

89 1944 301 2029 opinionibus,
325 1962 388 2008 nou
412 1944 544 2009 scientia
567 1945 754 2010 continetur.
801 1966 876 2010 nam
904 1951 935 2010 et
961 1943 1048 2028 apud
1076 1963 1130 2009 eos

89 2047 222 2114 dicimus
246 2047 302 2130 qui
324 2047 470 2113 nesciunt
492 2054 524 2113 et
546 2069 585 2114 ea
608 2048 742 2114 dicimus
766 2069 848 2130 quae
871 2046 1030 2113 nescimus
1058 2047 1128 2132 ipsi.

89 2153 195 2236 itaque
224 2158 257 2216 et
284 2151 330 2215 illi
357 2152 436 2217 alias
458 2153 544 2217 aliud
567 2151 669 2218 isdem
696 2153 854 2218 derebus
882 2158 913 2217 et
936 2151 1077 2216 sentiunt
1100 2158 1131 2215 ct

89 2257 232 2322 iudicant
262 2263 295 2321 et
324 2275 382 2321 nos
412 2256 584 2322 contrarias
618 2276 715 2340 saepe
749 2277 862 2322 causas
892 2255 1035 2336 dicimus,
1066 2275 1130 2320 non

45 2374 74 2420 ao
90 2360 182 2426 modo
197 2367 233 2425 ut
254 2359 387 2425 Crassus
408 2367 517 2425 contra
532 2381 583 2425 me
605 2359 692 2424 dicat
714 2359 885 2441 aliquando
908 2365 964 2424 aut
987 2379 1046 2443 ego
1062 2379 1131 2424 con·

91 2469 138 2528 tra
165 2465 325 2543 Crassum,
360 2483 431 2528 cum
462 2463 603 2528 alterutri
634 2482 766 2527 necesse
797 2463 837 2526 sit
867 2462 982 2528 salsum
1016 2463 1131 2541 dicere,

92 2567 266 2632 sedetiam
297 2571 332 2629 ot
353 2572 485 2647 uterque
515 2571 657 2631 nostrum
679 2564 792 2630 eadem
819 2564 859 2630 de
882 2586 916 2629 re
943 2565 1023 2630 alias
1046 2563 1132 2630 aliud

92 2669 253 2750 defendat,
279 2689 349 2733 cum
372 2670 443 2752 plus
466 2690 528 2734 uno
552 2689 662 2734 verum
686 2688 843 2734 essenon
865 2669 974 2752 possit.
1020 2675 1056 2732 ut
1077 2667 1132 2750 igi·
1191 2730 1193 2733 ,

92 2778 141 2837 tun
161 2774 195 2838 in
227 2773 296 2837 eius
325 2771 411 2838 modi
441 2792 474 2836 re
504 2792 587 2854 quae
616 2771 782 2836 mendacio
805 2772 883 2836 nixa
913 2772 963 2852 sit,
987 2789 1069 2853 quae
1091 2769 1133 2834 ad

49 2877 259 2942 nescientiam
282 2896 347 2941 non
370 2895 465 2959 saepe
488 2875 665 2959 perveniat,
689 2894 771 2956 quae
787 2875 953 2960 opiniones
968 2873 1132 2938 hominum

96 2985 126 3043 et
147 2999 244 3065 saepe
267 2999 387 3044 errores
410 2984 593 3063 aucupetur,
617 2979 662 3042 ita
684 2977 798 3059 dicam,
827 2979 854 3042 si
870 2997 999 3044 oausam
1014 2976 1133 3061 putatis

96 3101 163 3149 esse
186 3104 242 3149 our
264 3077 422 3147 audiatis.²

196 3181 275 3252 ‘Nos
298 3206 373 3251 vero
390 3191 421 3250 et
443 3184 538 3250 valde
553 3179 694 3267 quidem’
710 3183 841 3248 Catulus
857 3185 961 3268 inquit
976 3176 1134 3267 ‘putamus
1153 3160 1197 3281 3⁸,

1 3349 2 3382 ,
96 3297 187 3375 atque
210 3311 248 3357 eo
263 3291 376 3374 magis,
397 3289 482 3373 quod
497 3290 583 3353 nulla
598 3288 675 3352 mihi
699 3289 912 3356 ostentatione
932 3286 1049 3352 videris
1065 3305 1135 3350 esse

51 3405 80 3454 30
96 3411 213 3460 usurus.
255 3412 384 3458 exorsus
408 3413 442 3458 es
465 3393 550 3458 enim
573 3413 636 3457 uon
660 3391 805 3474 gloriose,
829 3391 932 3476 magis
947 3410 968 3453 a
990 3388 1133 3469 veritate,

96 3503 129 3559 ut
149 3505 183 3562 tu
206 3502 310 3581 putas,
335 3515 430 3578 quam
453 3517 473 3560 a
494 3496 601 3560 nescio
625 3515 688 3578 qua
711 3489 890 3578 dignitate.³

196 3593 253 3666 ‘Ut
285 3598 382 3682 igitur
412 3599 452 3663 de
482 3599 551 3683 ipso
582 3615 702 3683 genere
732 3615 802 3661 sum
834 3589 1009 3661 confessus'
1032 3592 1135 3673 inquit
1154 3611 1186 3658 aa

97 3702 251 3769 Antonius
281 3696 391 3766 ‘artem
423 3723 493 3767 esse
522 3723 584 3767 nou
608 3697 793 3773 maximam,
818 3699 865 3761 sio
892 3696 969 3759 illnd
991 3693 1133 3774 adtumo,

98 3813 266 3890 praecepta
288 3825 381 3888 posse
397 3804 553 3888 quaedam
580 3804 648 3867 dari
671 3802 822 3882 peracuta
837 3798 879 3860 ad
894 3792 1134 3879 pertractandos
