2834 4110
296 246 410 300 LIBER
428 247 465 303 II.
500 247 582 302 OAP.
597 251 708 304 72—73.
743 253 757 313 ἓ
775 250 923 304 292-296.
1068 234 1128 296 149

94 439 163 484 earn
185 441 234 486 me
257 421 455 504 potissimum
486 429 608 506 partem
639 441 721 504 quae
750 420 890 485 maxime
914 442 1041 486 movere
1064 423 1128 485 ani·

93 543 159 588 mos
190 522 352 589 hominum
386 532 490 608 potest
528 525 665 590 confero.
713 544 835 589 summa
865 524 1002 607 denique
1036 524 1128 590 huius
1148 538 1199 585 663

93 627 215 709 generis
237 627 317 692 haee
341 635 399 709 est,
423 635 467 711 ut,
491 629 517 694 si
540 629 574 693 in
596 627 771 693 refellendo
799 627 981 693 adversario
1011 628 1130 692 firmior

94 749 160 795 esse
182 731 281 797 oratio
305 751 400 814 quam
423 731 457 795 in
488 731 713 798 confirmandis
743 731 860 796 nostris
890 734 985 797 rebus
1015 738 1128 815 potest,

63 835 195 900 566616
215 836 250 899 16
273 835 361 899 illum
384 836 448 899 tela
472 835 650 918 conferam3
675 835 702 900 si
725 842 833 900 nostra
855 835 981 920 probari
1004 835 1129 899 facilius

94 957 182 1017 quam
205 938 260 1002 illa
281 937 429 1022 redargui
452 945 593 1022 possunt,
618 938 777 1003 abducere
799 939 922 1003 animos
938 959 957 1002 6
974 940 1130 1004 contraria

94 1039 275 1107 defensione
298 1048 329 1107 et
352 1041 394 1106 ad
417 1049 558 1108 nostram
582 1062 677 1108 conor
700 1041 866 1107 deducere.
913 1043 1130 1125 duodenique
1148 1055 1200 1102 664

92 1144 143 1209 illa
164 1127 246 1228 quac
276 1145 427 1210 facillima
458 1146 617 1227 videntur,
654 1147 802 1229 quoniam
834 1166 915 1229 quae
950 1147 1129 1210 difficiliora

94 1258 161 1314 sunt
183 1271 247 1316 non
270 1270 408 1335 possum,
440 1250 518 1316 mihi
540 1271 597 1335 pro
628 1271 699 1316 meo
727 1251 794 1316 iure
818 1271 924 1315 sumo:
956 1272 1064 1332 unum,
1096 1257 1131 1315 ut

49 1361 76 1407 10
94 1355 220 1419 molesto
244 1359 298 1418 aut
321 1353 443 1419 difficili
473 1361 661 1439 argumento
691 1361 746 1418 aut
769 1355 837 1418 loco
864 1375 928 1420 non
958 1375 1130 1438 numquam

93 1458 215 1522 omnino
249 1456 329 1521 nihil
362 1456 582 1540 respondeam.
631 1457 715 1540 quod
748 1457 883 1523 forsitan
916 1459 1030 1542 aliquis
1062 1458 1131 1524 iure

92 1561 242 1646 inriserit3
274 1561 344 1644 quis
376 1562 460 1625 enim
492 1569 540 1626 est
573 1562 626 1645 qui
649 1562 682 1626 id
705 1562 812 1627 facere
836 1584 899 1627 non
921 1562 1047 1646 possit?
1075 1560 1131 1626 sed

91 1671 194 1730 tamen
218 1684 278 1747 ego
301 1663 436 1728 demea
459 1685 554 1744 nunc,
579 1684 642 1729 non
666 1665 706 1730 de
728 1667 861 1730 aliorum
892 1665 1043 1729 facultate
1071 1663 1131 1728 dis-

91 1777 162 1853 puto
186 1768 399 1852 confiteorque
430 1789 490 1850 me,
522 1769 549 1833 si
580 1790 642 1851 qua
665 1776 789 1854 premat
817 1790 868 1835 res
900 1768 1129 1848 vehementius,

50 1873 133 1938 15116
164 1873 279 1939 cedere
310 1873 419 1954 solere,
450 1879 484 1936 ut
514 1893 578 1937 non
609 1873 702 1938 modo
738 1894 801 1938 non
833 1873 967 1953 abiecto,
1004 1871 1060 1936 sed
1091 1891 1131 1935 ne

91 1978 206 2042 reiecto
229 1975 357 2058 quidem
381 1983 469 2040 scuto
493 1969 747 2059 fugere'videa1·,
773 1974 829 2040 sed
852 1975 1004 2041 adhibere
1036 1995 1131 2058 quan-

91 2079 218 2144 damin
243 2078 378 2144 dicendo
402 2080 540 2163 speciem
564 2086 661 2162 atque
684 2100 834 2164 pompam
859 2087 890 2146 et
905 2099 1032 2163 pugnae
1048 2078 1131 2142 simi-

91 2183 150 2247 lem
185 2182 311 2267 fugam;
349 2183 521 2247 consistere
553 2203 628 2248 vero
658 2184 692 2247 in
716 2204 786 2248 meo
817 2181 976 2267 praesidio
1008 2183 1061 2262 sic,
1097 2188 1131 2245 ut

90 2306 153 2352 non
175 2284 321 2369 fugiendi
343 2284 451 2366 hostis,
476 2284 533 2349 sed
557 2285 706 2369 capiendi
728 2287 787 2351 loci
812 2305 909 2352 causa
933 2286 1065 2351 cessisse
1088 2285 1132 2348 vi-

48 2395 75 2444 10
91 2388 175 2454 dear.
222 2390 354 2453 alterum
386 2396 434 2454 est
463 2388 541 2452 illud
573 2390 657 2472 quod
688 2411 747 2474 ego
777 2391 918 2455 maxime
947 2389 1061 2455 oratori
1085 2409 1132 2453 ca·
1151 2402 1202 2452 666

90 2493 228 2558 vendum
259 2499 290 2558 et
319 2491 551 2577 providendum
587 2500 662 2576 puto
702 2493 850 2576 quodque
879 2514 930 2558 me
965 2493 1132 2558 sollicitare

90 2616 210 2662 summe
234 2598 329 2662 solet:
354 2617 418 2668 non
441 2603 508 2660 tam
531 2604 565 2661 ut
588 2597 706 2681 prosim
730 2597 834 2662 causis
858 2599 1021 2666 elaborare
1037 2597 1131 2676 66166,

91 2719 184 2780 quam
206 2707 241 2764 ut
263 2720 304 2765 ne
328 2699 405 2782 quid
427 2700 545 2784 obsim;
567 2721 632 2764 non
654 2701 730 2782 quin
746 2700 931 2780 enitendum
948 2703 988 2766 sit
1004 2702 1037 2764 in
1052 2706 1133 2763 utro-

91 2823 159 2884 que,
184 2803 241 2868 sed
263 2810 371 2868 tamen
394 2804 492 2869 multo
516 2810 564 2869 est
586 2804 709 2888 turpius
732 2795 847 2869 oratori
863 2805 1009 2870 nocuisse
1031 2801 1133 2868 videri

48 2911 75 2960 25
93 2926 206 2972 causae
230 2927 324 2989 quam
348 2927 412 2971 non
436 2907 601 2990 profuisse.
648 2907 704 2972 sed
721 2905 873 2989 quidhoc
895 2908 963 2972 loco
979 2927 1036 2972 vos
1050 2907 1134 2971 inter
1160 2915 1195 2970 13

91 3030 155 3091 vos,
172 3010 310 3076 Catule?
333 3030 375 3074 an
391 3008 480 3090 haec,
497 3017 532 3074 ut
547 3016 621 3074 sunt
637 3009 880 3092 contemnenda,
897 3002 1133 3076 66616666111611

91 3105 240 3178 ‘minime’
268 3113 373 3195 inquit
401 3113 454 3178 ille
485 3105 552 3178 ‘sed
584 3114 702 3178 Caesar
732 3113 772 3177 de
796 3113 856 3180 isto
887 3114 957 3198 ipso
982 3113 1133 3196 quiddam

91 3217 170 3282 velle
193 3216 299 3280 dicere
322 3212 512 3281 videbatur.³
557 3209 619 3280 ‘me
652 3237 726 3282 vero
754 3214 885 3282 libente'
913 3217 1017 3300 inquit
1039 3218 1133 3281 Anto-

92 3320 161 3385 nius
183 3313 313 3384 ‘dixerit
336 3320 404 3384 sive
427 3319 593 3384 refellendi
619 3340 716 3385 eausa
738 3321 805 3385 sive
827 3313 1022 3403 quaerendi'
1068 3326 1205 3383 tamnes

51 3424 189 3489 31161166
213 3416 283 3507 ‘ego
306 3420 496 3487 mehercule'
520 3423 622 3505 inquit
645 3417 784 3505 ‘Antoni
809 3442 933 3505 semper
956 3423 983 3486 is
1011 3420 1058 3484 fui
1081 3419 1135 3504 qui

93 3525 129 3592 de
152 3533 184 3592 16
208 3533 332 3591 6661666
355 3525 401 3591 616
423 3526 651 3610 praedicarem,
675 3546 773 3591 unum
796 3532 827 3590 te
851 3527 883 3589 in
904 3521 1041 3588 diceudo
1057 3521 1135 3589 mihi

91 3630 190 3696 ¹uideri
221 3629 430 3694 tectissimum
461 3630 684 3715 propriumque
714 3629 774 3694 hoc
805 3647 875 3694 esse
910 3625 1014 3691 laudis
1050 3633 1134 3705 tuae,

92 3734 167 3800 nihil
190 3739 264 3800 ate
287 3753 438 3816 umquam
461 3754 530 3800 esse
554 3733 672 3798 dietum
696 3733 781 3816 quod
804 3733 929 3798 obesset
955 3731 1056 3812 cipro
1073 3748 1134 3814 quo

92 3837 222 3906 diceres.
269 3838 365 3921 idque
396 3838 548 3904 memoria
578 3843 681 3920 teneo,
713 3857 784 3902 cum
815 3833 892 3901 mihi
924 3853 1027 3900 sermo
1064 3855 1134 3900 cum
