2866 4110
353 183 466 236 nisan
483 183 505 236 1.
541 182 623 237 ona.
637 186 678 239 aa
715 185 877 247 soa-roa.
1088 167 1130 230 ab

85 363 113 420 ut
136 364 167 422 te
197 357 302 421 audio
332 355 447 420 dicere.
493 376 567 419 nam
589 375 640 420 mc
664 356 792 438 quidem
820 375 945 440 semper
971 377 991 420 a
1012 376 1130 439 genere

86 459 137 525 hoc
150 468 221 526 tcto
238 459 402 525 sermonis
417 457 618 546 refugisselet
638 460 695 524 tibi
719 459 858 543 cupienti
881 465 976 542 atque
999 459 1130 523 instanti

87 565 271 648 saepissime
302 581 449 644 negasse,
477 569 544 627 tute
571 564 664 646 paulo
691 569 766 627 ante
795 562 913 627 dixisti.
959 561 1043 645 quod
1071 583 1130 646 ego

88 689 141 732 non
170 667 332 752 superbia
360 686 461 747 neque
488 666 717 731 inhumanitate
741 667 898 732 faciebam
921 687 1024 750 neque
1048 668 1131 749 quod

60 776 133 836 5too
163 771 273 836 studio
304 770 480 834 rectissimo
507 776 602 852 atque
624 771 741 853 optimo
765 791 829 834 non
852 771 983 853 obsequi
1006 772 1130 854 vellem,

88 877 273 957 praesertim
303 893 377 937 cum
403 879 435 936 te
457 893 554 937 unum
577 894 618 938 ex
641 874 787 939 omnibus
809 873 852 938 ad
874 874 1044 939 dicendum
1068 897 1130 940 ma-

89 979 167 1045 xime
195 985 313 1043 natum
342 982 514 1059 aptumque
536 997 731 1061 cognossem,
757 977 814 1042 scd
836 977 1016 1044 mehercule
1039 980 1130 1045 istius

89 1080 313 1166 disputationis
344 1079 514 1144 insolentia
542 1088 638 1162 atque
668 1101 774 1145 earum
804 1102 907 1146 rerum
936 1103 1017 1164 quae
1041 1083 1131 1165 quasi

89 1185 119 1248 in
149 1195 218 1251 arte
254 1182 426 1248 traduntur
458 1181 604 1248 inscitia.²
650 1190 715 1249 tum
748 1186 852 1251 Cotta:
885 1179 1044 1268 ‘quoniam
1077 1185 1130 1275 [id]
1151 1201 1201 1250 100

48 1301 75 1347 (ο
91 1290 167 1370 qood
197 1287 425 1352 difficillimum
455 1287 547 1352 nobis
576 1288 753 1370 videbatur,
786 1295 820 1353 ut
853 1291 980 1356 omnino
1011 1291 1051 1355 de
1081 1291 1131 1356 his

91 1394 189 1474 rebus,
213 1393 343 1471 Crasse,
367 1390 539 1474 loquerere,
562 1391 705 1457 adsecuti
728 1411 846 1474 sumus,
863 1393 903 1458 de
925 1395 1044 1477 reliquo
1067 1395 1131 1459 iam

92 1504 192 1561 nostra
216 1496 313 1579 culpa
336 1494 441 1575 fuerit,
459 1495 485 1559 si
508 1500 549 1575 te,
565 1496 628 1560 nisi
643 1496 749 1561 omnia
772 1517 854 1578 quae
876 1499 1052 1581 percontati
1075 1500 1131 1563 eri-

70 1589 157 1666 'mus
191 1599 379 1684 explicatis,
418 1597 647 1665 dimiserimus.³
707 1593 758 1665 ‘de
793 1601 847 1682 iis,
884 1601 990 1683 credo,
1026 1600 1131 1668 rebus'
1153 1615 1198 1662 101
1295 1615 1301 1626 ·

92 1703 189 1785 inquit
221 1705 356 1769 Crassus
390 1695 435 1766 ‘ut
465 1703 498 1766 in
534 1703 724 1768 cretionibus
755 1705 850 1769 scribi
873 1705 979 1787 solet:
1020 1729 1131 1775 comus

52 1815 78 1863 15
95 1830 179 1870 somn
202 1802 413 1876 acunaooon.³
459 1812 525 1870 tum
552 1807 621 1871 ille:
650 1799 736 1871 ‘nam
759 1805 844 1888 quod
866 1814 900 1870 tu
923 1826 986 1870 non
1013 1809 1131 1891 poteris

93 1917 144 1974 aut
158 1913 292 1992 nescies,
311 1909 382 1991 quis
402 1916 544 1974 nostrum
567 1917 632 1974 tam
654 1910 823 1994 impudens
846 1909 971 1990 estqui
994 1929 1028 1972 se
1051 1910 1131 1974 scire
1165 1940 1167 1945 ·

95 2022 145 2077 aot
164 2035 259 2098 posse
282 2013 420 2097 postulet
431 2007 458 2076 ‘l'
825 2023 827 2028 '

193 2111 273 2182 ‘Iam
296 2136 374 2180 vero
396 2116 457 2180 ista
485 2116 678 2197 condicione,
703 2116 778 2181 dum
799 2115 875 2180 mihi
898 2116 992 2180 liceat
1015 2136 1132 2199 negare

96 2241 182 2302 posse
205 2220 291 2303 quod
314 2240 379 2284 non
404 2227 511 2303 potero
534 2227 567 2285 et
588 2221 681 2287 fateri
712 2221 835 2286 nescire
866 2221 951 2302 quod
980 2222 1130 2302 nesciam,

53 2327 82 2375 20
98 2322 178 2388 licet'
209 2325 313 2406 inquit
352 2324 484 2389 Crassus
525 2318 644 2391 ‘vestro
685 2326 840 2390 arbitratu
881 2321 1132 2408 percontamini?

98 2403 199 2510 ‘atqui'
226 2429 331 2510 inquit
365 2426 478 2515 [Cotta]
508 2421 579 2493 ‘hoc
611 2451 652 2494 ex
683 2436 728 2510 te,
758 2427 798 2492 de
829 2450 890 2511 quo
920 2429 1013 2494 modo
1036 2431 1131 2494 Anto·
1153 2448 1199 2496 roa

100 2529 162 2596 nius
184 2532 342 2616 exposuit,
359 2531 435 2613 quid
454 2532 576 2612 sentias
597 2533 786 2615 quaerimus,
804 2533 1008 2599 existimesne
1031 2539 1131 2598 artem

100 2633 227 2716 aliquam
259 2655 331 2701 esse
363 2635 489 2698 dicendi
498 2631 526 2698 ‘l’
571 2629 682 2718 ‘quidl
719 2634 796 2699 mihi
823 2655 880 2701 vos
907 2631 1003 2701 nunc'
1031 2636 1133 2717 inquit

80 2735 223 2804 ¹Crassus
251 2732 425 2819 ‘tamquam
455 2738 550 2802 alicui
574 2739 728 2804 Graeculo
756 2740 856 2814 otioso
886 2746 918 2804 et
947 2739 1070 2821 loquaci
1101 2745 1132 2816 et

53 2845 83 2890 25
101 2838 223 2908 fortasse
246 2842 340 2907 docto
363 2848 459 2924 atque
482 2842 604 2907 erudito
628 2843 911 2924 quaestiunculam,
928 2844 968 2908 de
983 2864 1046 2925 qua
1061 2863 1131 2907 meo

101 2946 243 3010 arbitratu
264 2947 385 3028 loquar,
409 2946 551 3030 ponitis?
586 2946 712 3029 quando
739 2946 824 3010 enim
847 2967 899 3011 me
921 2949 984 3012 ista
1006 2966 1131 3011 curasse

101 3057 148 3112 aut
173 3051 329 3134 cogitasse
355 3050 554 3114 arbitramini
577 3058 608 3116 et
631 3070 695 3114 non
719 3070 843 3134 semper
864 3050 1006 3116 inrisisse
1028 3050 1132 3133 potius

102 3170 198 3217 eorum
214 3155 390 3220 hominum
420 3153 661 3237 impudentiam,
686 3155 748 3236 qui,
777 3175 848 3219 cum
879 3155 912 3218 in
942 3155 1050 3219 schola
1079 3153 1131 3217 ad-

102 3257 256 3341 sedissent,
273 3279 315 3324 ex
331 3278 449 3341 magna
471 3258 634 3322 hominum
657 3257 837 3340 frequentia
859 3257 964 3322 dicere
987 3259 1132 3322 iuberent

56 3357 87 3404 3⁰
102 3359 125 3422 si
145 3363 211 3443 quis
233 3361 311 3445 quid
334 3362 523 3443 quaereret?
550 3360 635 3444 quod
656 3362 792 3446 primum
814 3362 920 3426 ferunt
942 3360 1131 3426 Leontinum
1151 3381 1199 3428 103

101 3460 203 3533 fecisse
226 3465 387 3550 Gorgiam,
411 3465 466 3547 qui
489 3478 698 3549 permagnum
728 3463 879 3546 quiddam
907 3464 1065 3546 suscipere
1092 3481 1131 3526 ac

102 3568 227 3648 profiteri
250 3568 428 3650 videbatur,
454 3589 525 3634 cum
549 3589 583 3634 se
606 3568 648 3632 ad
670 3569 776 3633 omnia
799 3568 838 3633 de
861 3567 974 3650 quibus
998 3564 1130 3646 quisquc

103 3671 201 3737 audire
216 3674 313 3740 vellet
333 3693 402 3738 csse
418 3679 563 3756 paratum
580 3672 789 3736 denuntiaret.
820 3678 931 3753 postea
946 3688 1021 3732 vero
1036 3668 1130 3750 volgo

103 3769 153 3840 hoc
177 3777 282 3844 facere
310 3785 482 3861 coeperunt
508 3775 666 3856 hodieque
693 3774 823 3850 faciunt,
846 3775 880 3832 ut
906 3769 992 3831 nulla
1015 3768 1056 3831 sit
1078 3789 1129 3832 res
