2866 4110
294 199 338 274 '18
371 287 375 296 ¹
525 227 637 282 cinna
656 226 676 280 1.
714 225 921 282 0AR16-17.
958 227 1102 288 soc-ra

292 403 453 469 hominem
476 404 516 467 ab
539 423 616 486 agro
631 401 874 484 remotissimum
889 400 1085 465 Nicandrum
1101 400 1326 484 Colophonium

293 508 419 592 poetica
450 505 586 588 quadam
617 504 777 585 facultate,
800 525 864 568 non
897 504 1023 585 rustica,
1047 504 1210 587 scripsisse
1240 525 1328 588 prae·
1413 551 1414 582 ,

294 613 394 676 clare:
426 609 503 700 quid
533 615 580 672 est
611 627 665 672 eur
691 627 754 671 non
777 614 881 673 orator
903 607 944 672 de
966 608 1061 672 rebus
1082 608 1122 672 iis
1145 607 1341 689 eloquentis·
1413 609 1414 692 ,

292 716 370 778 sime
393 712 487 793 dieat,
504 733 582 794 quas
604 711 645 774 ad
669 718 786 775 certam
810 731 938 775 oausam
957 716 1144 794 tempusque
1164 711 1327 794 cognorit?

244 828 276 876 70
296 823 344 882 est
368 816 453 880 enim
475 816 626 880 finitimus
649 815 764 879 oratori
783 821 886 897 poeta,
902 815 1041 878 numeris
1056 813 1211 878 astrictior
1227 815 1327 898 paulo,
1346 824 1361 870 5

293 920 461 984 verborum
491 925 597 982 autem
627 918 756 982 licentia
786 917 925 998 liberior,
957 909 1073 981 multis
1092 936 1167 981 vero
1197 917 1328 982 ornandi

293 1022 465 1104 generibus
494 1021 597 1086 socius
627 1041 665 1085 ae
695 1040 798 1105 paene
828 1041 900 1105 par;
935 1021 969 1084 in
998 1021 1058 1084 hoo
1088 1019 1216 1102 quidem
1247 1029 1329 1084 certe

293 1146 392 1209 prope
414 1125 509 1204 idem,
526 1124 620 1189 nullis
643 1131 677 1188 ut
697 1124 841 1189 ,terminis
865 1123 1100 1188 circumscribat
1121 1129 1177 1216 aut
1198 1123 1329 1188 definiat
1366 1109 1369 1116 ⁵

294 1229 344 1292 ius
367 1247 468 1306 suum,
493 1228 680 1309 quominus
711 1228 740 1292 ei
769 1228 864 1292 liceat
894 1226 1006 1298 eadem
1036 1227 1101 1290 illa.
1119 1227 1268 1292 facultate
1299 1234 1330 1290 et
1413 1245 1414 1252 ¹

244 1345 275 1391 71
296 1332 387 1415 copia
409 1331 519 1414 vagari
542 1351 605 1411 qua
627 1331 712 1394 velit.
757 1347 832 1394 nam
856 1330 938 1412 quod
965 1329 1041 1394 illud
1066 1326 1216 1417 [quaneh
1240 1330 1381 1395 Scae-10

294 1435 377 1514 vola,
394 1435 519 1517 negasti
541 1440 573 1497 te
595 1433 693 1498 fuisse
715 1434 861 1514 laturum,
881 1433 942 1498 nisi
964 1434 998 1497 in
1020 1454 1091 1499 meo
1113 1453 1211 1516 regno
1234 1453 1329 1515 esses,

281 1529 379 1619 'quod
401 1538 434 1600 in
458 1537 543 1602 omni
566 1556 683 1618 genere
706 1537 868 1617 sermonis,
892 1537 925 1600 in
954 1537 1040 1602 omni
1070 1543 1159 1622 parte
1189 1537 1331 1602 humani·
1372 1563 1375 1570 ¹

293 1641 368 1704 tatis
385 1640 518 1703 dixerim
535 1647 690 1704 oratorem
709 1639 884 1723 perfectum
908 1660 977 1704 esse
1000 1640 1133 1704 debere:
1157 1660 1329 1721 numquam

293 1742 473 1807 mehercule
495 1743 556 1808 hoo
579 1741 726 1823 dicerem,
755 1743 784 1807 si·
812 1763 883 1808 eum
907 1763 1000 1825 quem
1030 1743 1116 1827 fingo
1146 1764 1197 1808 me
1226 1743 1330 1827 ipsum

240 1860 272 1906 72
294 1866 363 1912 esse
386 1847 562 1911 arbitrarer.
602 1845 668 1926 sed,
692 1853 726 1911 ut
749 1839 870 1912 solebat
893 1848 927 1913 Ο.
944 1848 1083 1912 Lucilius
1106 1867 1202 1930 saepe
1225 1846 1331 1911 dicere
1354 1865 1384 1910 15

292 1949 444 2014 —homo
467 1949 525 2014 tibi
548 1951 715 2032 subiratus,
731 1950 809 2024 mihi
832 1953 1051 2035 propter'eam
1074 1951 1176 2034 ipsam
1200 1953 1330 2014 oaus'am

192 2111 194 2114 .
292 2053 396 2117 minus
418 2073 513 2133 quam
536 2053 664 2118 volebat
684 2052 859 2134 familiaris,
883 2053 941 2119 sed
967 2060 1074 2117 tamen
1102 2061 1133 2116 et
1161 2037 1271 2118 doctus
1299 2059 1331 2116 et

292 2157 488 2239 perurbanus
508 2193 547 2200 —
572 2156 617 2220 sic
640 2156 740 2221 sentio
763 2157 923 2220 neminem
947 2175 1016 2220 esse
1038 2156 1072 2218 in
1095 2161 1252 2219 oratorum
1275 2177 1331 2221 nu-

292 2277 379 2320 mero
402 2257 594 2336 habendum,
619 2258 757 2338 quinon
780 2259 821 2322 sit
850 2256 997 2321 omnibus
1026 2256 1065 2319 iis
1094 2257 1215 2320 artibus
1247 2278 1332 2339 quae

292 2366 366 2423 sunt
384 2359 483 2423 libero
504 2359 621 2444 dignae
640 2361 828 2443 perpolitus3
852 2359 965 2440 quibus
990 2358 1076 2440 ipsis
1089 2357 1115 2422 si
1137 2359 1171 2422 in
1194 2358 1332 2428 dicendo
1353 2377 1386 2424 no

290 2482 355 2526 non
367 2461 492 2542 utimur,
506 2469 612 2527 tamen
626 2468 759 2545 apparet
774 2467 869 2542 atque
886 2466 974 2524 extat
989 2467 1092 2524 utrum
1108 2461 1204 2527 simus
1220 2483 1332 2528 earum

241 2580 272 2626 73
292 2563 386 2628 rudes
413 2585 455 2656 an
483 2564 693 2629 didicerimus.
739 2569 773 2627 ut
800 2563 853 2644 qui
880 2563 945 2647 pila
971 2562 1083 2628 ludunt
1109 2585 1171 2630 non
1198 2571 1333 2631 utuntur

290 2667 323 2730 in
354 2667 424 2749 ipsa
454 2668 576 2732 lusione
606 2665 737 2730 artifieio
766 2666 891 2750 proprio
917 2667 1104 2754 palaestrae,
1129 2668 1186 2734 sed
1208 2668 1333 2732 indicat

291 2770 360 2852 ipse
382 2779 486 2834 motus
509 2769 718 2834 didicerintne
748 2769 937 2853 palaestram
969 2791 1011 2834 an
1041 2772 1194 2852 nesciant,
1219 2778 1250 2835 et
1275 2772 1331 2853 qui

291 2871 410 2955 aliquid
441 2873 575 2955 fingunt,
604 2871 664 2936 etsi
692 2878 758 2935 tum
788 2872 911 2955 pictura
940 2874 1017 2938 nihil
1052 2881 1190 2954 utuntur,
1219 2880 1331 2939 tamen
1353 2889 1392 2936 25

169 2979 173 2988 “
227 2959 233 3017 f
290 2981 394 3039 utrum
415 2976 516 3040 sciant
532 2976 663 3059 pingere
686 2995 728 3046 an
749 2976 893 3041 nesciant
915 2997 979 3041 non
1002 2980 1169 3042 obscurum
1193 2985 1257 3042 est:
1283 2978 1333 3043 sio

292 3077 325 3142 in
349 3077 543 3144 orationibus
565 3077 653 3142 hisce
674 3077 751 3161 ipsis
773 3079 959 3144 iudiciorum
982 3077 1163 3145 contionum
1186 3088 1332 3161 senatus,

294 3181 419 3246 etiarnsi
448 3177 573 3266 proprie'
603 3187 727 3246 ceterae
756 3203 819 3246 non
849 3182 1062 3248 adhibeantur
1090 3190 1188 3265 artes,
1220 3192 1333 3250 tamen

289 3283 384 3350 facile
411 3285 587 3350 declaratur
612 3292 716 3349 utrum
738 3286 765 3350 is
788 3287 841 3369 qui
864 3286 949 3350 dicat
971 3287 1188 3352 tantummodo
1211 3289 1243 3352 in
1267 3288 1333 3352 hoc

292 3385 515 3454 declamatorio
539 3389 579 3454 sit
601 3409 695 3473 opere
716 3389 851 3454 iactatus
874 3411 915 3454 an
938 3389 980 3453 ad
996 3389 1164 3455 dicendum
1180 3392 1332 3456 omnibus
1354 3403 1396 3450 30

289 3492 438 3576 ingenuis
460 3493 580 3558 artibus
602 3493 772 3558 instructus
794 3489 985 3559 accesserit.³

392 3597 473 3659 Tum
500 3595 607 3662 ridens
634 3597 788 3664 Scaevola
810 3590 885 3662 ‘non
913 3596 1053 3660 luctabor
1084 3591 1199 3680 teourn'
1222 3597 1333 3679 inquit

288 3690 422 3781 ‘Crasse
445 3701 597 3786 amplius3
620 3701 654 3765 id
677 3702 761 3766 enim
784 3701 886 3784 ipsum
903 3699 986 3782 quod
1007 3705 1115 3764 contra
1133 3720 1184 3765 me
1204 3700 1334 3764 loeutus

232 3871 235 3879 ,
289 3821 323 3867 es
346 3802 478 3868 artificio
501 3805 637 3886 quodam
660 3826 695 3873 es
718 3811 922 3871 consecutus:
950 3809 985 3866 ut
1008 3808 1039 3867 et
1061 3801 1138 3867 mihi
1162 3823 1242 3885 qnae
1266 3824 1334 3887 ego
1365 3879 1368 3884 ¹

238 3563 270 3626 ll

237 3645 269 3692 ul
