2834 4110
256 169 297 232 72
504 186 617 240 arnna
635 187 672 240 11.
707 186 881 242 cuna-3.
917 189 1043 250 se-re,

255 359 437 426 audierunt:
460 367 495 425 ut
517 360 597 427 duos
625 380 763 426 summos
794 361 878 426 viros
907 360 947 425 iis
977 361 1031 443 qui
1061 367 1211 425 neutrum
1234 361 1301 426 illo

255 485 325 529 rum
359 464 497 530 viderint
532 485 640 532 eorum
674 465 789 548 quibus
819 464 914 529 ambo
942 464 987 528 illi
1010 471 1151 530 oratores
1179 465 1301 548 cogniti

257 567 320 632 siut
342 569 487 634 vivorum
511 575 542 634 et
564 569 780 687 praesentium
810 567 962 633 memoria
989 573 1071 632 teste
1099 567 1301 633 commende·
1409 567 1412 670 l

207 665 355 786 30.,ιιιιιι
382 693 442 739 nec
464 694 539 739 vero
562 680 603 754 te,
636 673 797 739 carissime
826 672 925 737 frater
950 679 1047 754 atque
1069 672 1199 757 optime,
1232 673 1301 738 rhe

207 739 366 842 ⁰toricis
395 797 481 842 nunc
510 777 700 860 quibusdam
730 778 828 858 libris,
860 797 939 860 quos
968 777 1165 861 tuagrestis
1192 784 1300 861 putas,
1322 798 1338 843 s
1411 813 1412 828 ι

257 881 407 962 insequor
433 887 469 944 ut
455 880 711 946 terudiam
668 881 810 964 quid
838 883 924 946 enim
947 888 1003 946 tua
1025 887 1129 966 potest
1155 881 1302 946 oratione

258 989 314 1046 aut
335 985 481 1050 subtilius
503 993 558 1051 aut
587 985 728 1052 ornatius
758 980 853 1051 esse?
877 985 1000 1051 -sed
1029 982 1202 1073 [quoniam]
1232 985 1303 1050 sive

258 1088 385 1170 iudicio,
416 1096 451 1154 ut
481 1091 564 1156 soles
593 1090 707 1172 dicere,
736 1092 813 1173 sive,
837 1099 872 1156 ut
902 1091 955 1156 ille
984 1097 1076 1175 pater
1098 1090 1303 1172 eloquentiae
1412 1099 1413 1102 ’

259 1191 299 1257 de
323 1213 356 1258 se
379 1195 535 1259 Isocrates
565 1183 690 1278 scripsit
711 1195 790 1279 ipse,
814 1194 934 1280 pudore
956 1216 977 1259 a
998 1193 1134 1268 dicendo
1162 1201 1194 1259 et
1221 1195 1304 1259 timi-

163 1317 165 1322 ·
259 1296 359 1362 ditate
381 1298 522 1382 ingenua
545 1298 682 1381 quadam
704 1299 866 1389 refugisti,
884 1299 961 1381 sive,
986 1305 1020 1364 ut
1041 1299 1109 1383 ipse
1131 1299 1232 1363 iocari
1257 1319 1304 1364 so
1325 1315 1357 1362 10
1413 1319 1414 1350 ι

258 1401 316 1482 les,
339 1421 437 1465 unum
460 1403 579 1486 putasti
610 1402 687 1468 satis
718 1423 788 1468 esse
818 1423 882 1468 uon
911 1401 1004 1467 modo
1032 1403 1066 1466 in
1088 1421 1151 1466 una
1178 1400 1305 1467 familia

259 1504 427 1586 rhetorem,
451 1505 508 1571 sed
531 1526 634 1591 paene
656 1507 690 1571 in
714 1513 780 1572 tuta
795 1507 939 1572 civitate:
963 1527 1027 1572 non
1043 1513 1151 1570 tamen
1166 1506 1305 1571 arbitror

260 1609 319 1686 tihi
341 1609 399 1675 hos
421 1609 519 1676 libros
549 1611 582 1675 in
606 1631 643 1676 eo
673 1611 740 1677 fore
771 1631 900 1695 genere,
932 1609 1016 1692 quod
1039 1610 1150 1675 merito
1173 1617 1305 1694 propter

262 1732 369 1778 eorum
400 1715 453 1798 qui
483 1715 524 1780 de
555 1715 682 1780 dicendi
712 1717 834 1782 ratione
868 1715 1068 1800 disputarunt
1101 1714 1305 1780 ieiunitatem

212 1819 416 1892 11bonarum
438 1819 554 1884 ardum
576 1821 676 1905 possit
698 1819 808 1885 inludi.
854 1819 933 1884 nihil
960 1819 1046 1884 enim
1072 1817 1150 1882 mihi
1173 1818 1304 1900 quidem
1328 1839 1357 1887 rt

261 1921 388 1988 videtur
417 1924 452 1988 in
483 1925 590 1990 Crassi
620 1931 651 1989 et
672 1924 802 1992 Antonii
832 1943 977 1989 sermone
999 1942 1070 1988 esse
1096 1921 1305 2006 praeteritum

262 2026 347 2108 quod
370 2028 539 2111 quisquam
562 2029 693 2094 summis
716 2028 864 2113 ingeniis,
888 2025 1050 2092 acerrimis
1074 2025 1198 2106 studiis,
1227 2025 1306 2109 opti-

261 2151 314 2194 ma
337 2131 490 2212 doctrina,
521 2133 661 2198 maximo
684 2153 743 2198 usu
774 2132 922 2217 cognosci
952 2151 991 2195 ac
1013 2130 1133 2214 percipi
1161 2129 1306 2213 potuisse

262 2235 482 2319 arbitraretur;
507 2236 592 2316 quod
613 2243 647 2300 tu
670 2234 819 2301 facillime
841 2234 958 2320 poteris
980 2233 1132 2314 iudicare,
1156 2233 1209 2315 qui
1235 2253 1307 2317 pru-

262 2337 403 2402 dentiam
426 2340 644 2421 rationemque
667 2338 794 2404 dieeudi
817 2359 874 2422 per
896 2338 1056 2423 teipsum,
1080 2357 1172 2402 usum
1195 2344 1304 2402 autem
1325 2357 1357 2405 au

262 2461 320 2524 per
349 2461 407 2506 nos
440 2443 604 2526 percipere
639 2443 775 2508 voluisti.
822 2443 880 2507 sed
910 2463 972 2526 quo
1003 2441 1095 2506 citius
1128 2440 1189 2505 hoc
1220 2440 1305 2524 quod

263 2545 459 2629 suscepimus
496 2565 559 2610 nou
596 2545 755 2612 mediocre
792 2566 906 2612 munus
943 2545 1099 2612 conficere
1135 2545 1305 2628 possimus,

263 2648 380 2714 omissa
407 2655 515 2714 nostra
542 2649 763 2716 adhortatione
785 2649 827 2713 ad
850 2670 958 2717 eorum
982 2669 1060 2732 quos
1083 2648 1307 2733 proposuimus

264 2771 442 2818 sermonem
464 2753 772 2838 disputationemque
794 2754 969 2820 veniamus.

215 2881 245 2929 ιι
369 2858 499 2923 Postero
522 2859 617 2942 igitur
640 2859 702 2941 die,
725 2879 820 2942 quam
842 2859 898 2922 illa
920 2863 1011 2924 erant
1033 2863 1114 2938 acta,
1137 2855 1216 2921 hora
1239 2855 1306 2920 fere
1325 2873 1357 2924 aa

265 2961 415 3042 secunda,
440 2982 509 3026 cum
534 2963 630 3027 etiam
652 2970 719 3028 tum
741 2965 774 3027 iu
798 2964 879 3028 lecto
902 2963 1035 3028 Crassus
1059 2965 1143 3026 esset
1165 2965 1197 3024 et
1219 2958 1307 3043 apud

265 3087 337 3131 eum
361 3067 518 3151 Sulpicius
541 3067 675 3148 sederet,
697 3068 855 3132 Antonius
877 3073 984 3132 autem
998 3064 1211 3130 inambularet
1234 3082 1307 3128 cum

266 3172 359 3236 Cotta
381 3171 414 3236 in
444 3172 576 3256 porticu,
603 3178 733 3256 repente
761 3191 798 3237 eo
822 3170 859 3247 Q.
884 3171 1015 3236 Catulus
1046 3188 1145 3235 senex
1174 3187 1247 3231 oum
1270 3168 1305 3233 C.

265 3276 345 3342 Iulio
367 3276 465 3341 fratre
487 3277 584 3342 venit.
630 3275 715 3358 quod
737 3276 791 3340 ubi
821 3274 953 3355 audivit,
978 3278 1152 3338 commotus
1173 3271 1307 3336 Crassus

189 3413 190 3416 ¹
266 3381 402 3446 surrexit
424 3401 598 3464 omnesque
620 3380 768 3445 admirati
791 3381 941 3444 maiorem
968 3378 1110 3460 aliquam
1139 3394 1209 3440 esse
1238 3394 1308 3439 cau-
1325 3391 1358 3439 so

216 3507 247 3553 13
267 3503 335 3548 sam
359 3505 466 3550 eorum
489 3485 647 3550 adventus
670 3484 821 3568 suspicati
845 3490 928 3548 sunt.
975 3482 1028 3562 qui
1057 3500 1129 3545 cum
1152 3479 1235 3542 inter
1262 3497 1307 3558 se,

266 3593 301 3651 ut
323 3589 461 3673 ipsorum
483 3609 560 3654 usus
575 3587 708 3669 ferebat,
724 3588 915 3653 amicissime
931 3584 1196 3650 consalutassent:
1220 3574 1308 3664 ‘quid

267 3709 324 3754 vos
346 3686 513 3755 tandem?³
541 3692 674 3756 Crassus
696 3684 948 3773 ‘numquidnam'
971 3686 1074 3768 inquit
1101 3678 1222 3748 ‘nevil’
1253 3677 1309 3748 ‘ni-

267 3793 312 3856 hil
334 3789 422 3858 sane³
452 3793 556 3876 inquit
586 3795 724 3876 Catulus,
755 3788 886 3858 ‘etenim
908 3788 999 3855 vides
1026 3808 1096 3853 esse
1118 3786 1227 3870 ludos;
1252 3786 1310 3852 sed
