2834 4110
211 1341 243 1389 57

211 2028 244 2080 14

212 2101 245 2150 58

214 3309 246 3358 59

260 199 303 263 84
487 216 601 270 LIBER
619 215 655 272 ΙΙ.
687 215 769 270 ΟΑΡ.
785 218 895 271 13-14.
925 219 940 280 ἓ
958 219 1069 272 56-59.

261 390 420 456 sententia
441 390 535 456 facilc
558 391 651 456 vicit:
675 391 729 472 qui
751 389 797 454 ita
820 390 929 454 creber
957 396 1005 455 est
1027 409 1131 454 rerum
1155 389 1304 471 frequen-

259 495 314 575 tia,
338 501 372 559 ut
394 495 562 560 verborum
585 513 683 578 prope
713 514 879 558 numerum
911 493 1139 558 sententiarum
1171 513 1305 558 numero

262 605 481 680 consequatur,
512 599 558 662 ita
586 618 678 682 porro
708 597 815 662 verbis
845 603 892 662 est
924 603 1018 680 aptus
1049 603 1081 660 et
1102 616 1244 681 pressus
1268 602 1304 661 ut

262 703 386 767 nescias
409 707 513 766 utrum
534 721 586 766 res
609 701 750 768 oratione
772 687 815 766 an
837 701 937 766 verba
952 701 1118 766 sententiis
1133 700 1304 765 inlustran-

261 811 320 870 tur.
367 806 455 887 atqui
478 825 519 869 ne
541 804 626 869 hunc
649 805 787 887 quidem,
816 824 1010 887 quamquam
1040 811 1088 870 est
1118 805 1151 868 in
1182 825 1218 869 re
1249 816 1342 889 put

261 909 346 973 blica
369 915 523 989 versatus,
547 929 589 973 ex
611 927 741 972 numero
771 909 953 992 accepimus
976 928 1083 973 eorum
1107 909 1160 990 qui
1188 928 1304 973 causas

263 1011 462 1096 dictitarunt;
495 1019 526 1076 et
556 1010 613 1076 hos
642 1010 728 1095 ipsos
757 1011 854 1078 libros
884 1017 952 1076 tum
982 1011 1146 1095 scripsisse
1177 1011 1305 1092 dicitur,

263 1135 335 1180 cum
356 1135 377 1178 a
399 1136 434 1181 re
460 1114 588 1199 publica
609 1121 747 1180 remotus
762 1121 866 1196 atque,
890 1114 924 1179 id
947 1114 1032 1196 quod
1047 1115 1164 1198 optimo
1188 1115 1306 1198 cuique

262 1218 397 1284 Athenis
427 1218 572 1283 accidere
602 1218 727 1283 solitum
757 1225 814 1299 est,
845 1219 879 1282 in
910 1219 1041 1283 exilium
1070 1220 1180 1302 pulsus
1208 1226 1304 1284 esset.

263 1322 348 1387 hunc
371 1329 558 1388 consecutus
581 1328 628 1387 est
650 1321 837 1406 Syracosius
859 1321 1020 1403 Philistus,
1046 1323 1109 1404 qui,
1133 1342 1206 1386 oum
1230 1323 1304 1388 Dio·
1327 1341 1358 1388 ro

263 1427 347 1510 nysii
380 1426 508 1510 tyranni
542 1426 806 1492 familiarissimus
840 1432 938 1507 esset,
973 1427 1072 1492 otium
1106 1445 1198 1490 suum
1233 1447 1305 1492 con-

264 1530 398 1613 sumpsit
427 1530 460 1594 in
485 1528 614 1594 historia
645 1529 813 1594 scribenda
845 1531 1048 1612 maximeque
1078 1528 1304 1613 Thucydidem

266 1631 453 1720 1111111111
482 1633 559 1698 mihi
589 1633 722 1714 videtur,
755 1633 904 1698 imitatus.
951 1640 1062 1718 postea
1085 1653 1160 1698 vero
1184 1654 1227 1698 ex
1245 1635 1307 1699 cla-

262 1737 389 1802 rissima
412 1738 502 1820 quasi
524 1736 683 1802 rhetorum
706 1736 834 1801 officina
856 1737 918 1801 duo
941 1743 1140 1820 praestantes
1162 1738 1305 1821 ingenio,

264 1841 490 1926 Theopompus
520 1848 552 1906 et
573 1840 727 1925 Ephorus,
757 1842 799 1906 ab
822 1842 962 1906 Isocrate
992 1841 1143 1924 magistro
1174 1841 1305 1924 impulsi
1327 1859 1358 1906 15

264 1965 298 2011 se
321 1945 363 2010 ad
392 1945 556 2010 historiam
587 1945 794 2026 contulerunt,
826 1964 939 2009 causas
968 1945 1096 2009 omnino
1129 1965 1305 2027 numquam

263 2050 445 2132 attigerunt.
492 2049 629 2131 denique
652 2049 747 2114 etiam
770 2068 791 2112 a
812 2047 1013 2132 philosophia
1035 2046 1195 2132 profectus
1222 2049 1306 2131 prin-

265 2152 339 2238 ceps
362 2153 541 2237 Xenophon
574 2153 751 2218 Socraticus
780 2152 843 2232 ille,
874 2159 946 2236 post
977 2152 1018 2216 ab
1040 2151 1210 2217 Aristotele
1236 2153 1305 2218 Cal-

263 2257 416 2322 listhenes
447 2276 552 2322 comcs
574 2256 749 2321 Alexandri
780 2257 906 2340 scripsit
935 2255 1109 2337 historiam,
1133 2263 1164 2320 et
1186 2256 1215 2320 is
1239 2257 1304 2338 qui·

265 2361 337 2424 dem
361 2359 516 2424 rhetorico
539 2379 642 2443 paene
664 2380 767 2443 more;
798 2360 851 2424 ille
881 2366 988 2425 autcm
1019 2361 1161 2444 superior
1182 2360 1303 2424 leniore
1323 2377 1357 2425 ao

265 2463 403 2546 quodam
435 2482 511 2527 sono
543 2469 590 2528 est
619 2482 694 2528 usus
725 2468 757 2526 et
786 2465 840 2545 qui
870 2464 959 2528 illum
989 2463 1141 2548 impetum
1172 2465 1305 2529 oratoris

265 2588 329 2631 non
353 2566 478 2643 habeat,
502 2564 674 2631 vehemens
697 2566 830 2632 fortasse
854 2567 968 2648 minus,
994 2567 1051 2633 scd
1074 2567 1237 2650 aliquanto
1262 2574 1306 2631 ta·

264 2691 338 2736 men
362 2677 418 2751 est,
442 2675 476 2734 ut
492 2669 570 2734 mihi
586 2670 714 2752 quidem
730 2671 863 2753 videtur,
888 2671 1016 2737 dulcior.
1055 2672 1205 2736 minimus
1228 2679 1307 2736 natu

265 2774 376 2838 horum
407 2774 548 2838 omnium
577 2774 736 2856 Timaeus,
768 2782 921 2857 quantum
943 2781 1051 2840 autem
1074 2775 1214 2840 iudicare
1237 2797 1307 2860 pos-

266 2898 345 2958 sum,
369 2878 463 2961 louge
486 2878 716 2944 eruditissimus
739 2886 771 2944 et
792 2899 897 2944 rerum
920 2879 1012 2964 copia
1027 2885 1059 2945 et
1075 2879 1306 2945 sententiarum
1326 2896 1357 2943 as

264 2980 418 3046 varietate
441 2981 732 3048 abundantissimus
756 2989 786 3047 et
808 2983 879 3066 ipsa
894 2982 1121 3066 compositione
1137 2985 1307 3049 verborum

266 3106 329 3149 non
352 3085 513 3169 impolitus
535 3106 684 3169 magnam
708 3087 921 3168 eloquentiam
944 3087 986 3150 ad
1008 3087 1210 3152 scribendum
1225 3094 1306 3152 attu-

265 3188 312 3269 lit,
336 3189 394 3253 sed
416 3190 537 3254 nullum
559 3209 651 3254 usum
674 3185 855 3254 1011111111.>

370 3293 459 3358 Η110
482 3314 554 3358 cum
576 3293 628 3358 illc
651 3293 795 3373 dixisset,
819 3287 906 3376 ‘quid
930 3289 988 3358 est'
1018 3294 1122 3376 inquit
1149 3287 1307 3360 ‘Catulet'

268 3397 402 3480 Caesam
434 3390 499 3462 ‘ubi
530 3404 603 3462 sunt
632 3397 686 3479 qui
708 3397 881 3461 Antonium
905 3397 1026 3463 (111111
1056 3404 1177 3481 negant
1199 3398 1306 3462 scire?
1325 3415 1357 3461 so

267 3508 342 3582 quot
364 3500 530 3566 historicos
553 3500 743 3564 nominavit!
769 3520 863 3581 quam
887 3500 1032 3581 scienter,
1057 3520 1151 3581 quam
1179 3502 1306 3585 proprie

268 3602 308 3668 de
342 3624 405 3668 uno
437 3624 562 3687 quoque
591 3602 673 3666 dixit
683 3600 701 3666 1’
739 3597 783 3666 ‘id
817 3599 1006 3668 meherculc'
1040 3604 1142 3686 inquit
1177 3605 1307 3670 Catulus

267 3699 438 3772 ‘admirans
472 3706 550 3770 illud
579 3705 641 3770 iam
673 3705 780 3770 mirari
809 3705 930 3785 desino,
962 3706 1046 3786 quod
1077 3707 1173 3770 multo
1205 3707 1308 3791 magis

268 3817 344 3872 ante
366 3809 514 3888 mirabar,
538 3807 632 3888 hune,
656 3829 727 3872 cum
749 3808 828 3874 haec
851 3809 997 3890 nesciret,
1014 3809 1198 3874 indicendo
1214 3829 1308 3893 posse
