2836 4114
271 131 333 193 184
501 147 612 200 LIBER
625 147 675 201 Ill.
702 146 783 201 ΟΑΡ,
799 151 909 204 15-16.
934 151 1073 211 §so—59.
1125 201 1128 206 .

266 326 363 402 atque
385 321 425 385 ab
451 320 510 384 hac
534 319 740 385 similitudine
765 321 955 386 Coruncanii
978 322 1077 386 nostri
1092 321 1233 387 Fabricii
1255 323 1323 389 Ga·

266 429 357 488 tones
380 424 546 507 Scipiones
570 423 708 504 fuerunt,
731 443 795 487 non
819 429 884 488 tam
908 423 1041 489 fortasse
1062 423 1156 505 docti,
1182 425 1241 490 sed
1257 426 1321 490 im-

266 519 342 611 petu
364 527 481 592 mentis
504 527 598 592 simili
622 533 653 592 et
675 527 848 592 voluntate.
896 526 1008 592 eadem
1030 534 1137 592 autem
1160 528 1216 592 alii
1241 551 1321 614 pru-

266 629 385 711 dentia,
409 630 466 696 sed
490 631 620 697 consilio
643 630 794 695 advitae
818 630 925 696 studia
947 630 1067 715 dispari
1097 631 1239 715 quietem
1268 641 1320 698 at-

267 753 328 814 que
351 734 449 799 otium
472 733 583 814 secuti,
607 740 642 798 ut
657 733 857 817 Pythagoras
874 733 1072 799 Democritus
1086 735 1317 818 Anaxagoras,
1340 750 1358 797 5

265 836 456 921 aregendis
487 836 669 902 civitatibus
699 842 781 902 totos
812 857 847 901 se
880 836 922 900 ad
956 837 1168 922 cognitionem
1203 858 1316 904 rerum

266 941 509 1023 transtulerunt3
533 960 616 1022 quae
631 941 698 1005 vita
713 947 841 1024 propter
857 941 1115 1024 tranquillitatem
1132 949 1164 1006 et
1179 950 1318 1027 propter

265 1044 365 1127 ipsius
399 1043 552 1108 scientiae
587 1044 788 1123 suavitatem,
824 1064 887 1125 qua
922 1045 1002 1109 nihil
1039 1051 1087 1110 est
1125 1045 1316 1112 hominibus

264 1125 452 1227 iucundius,
467 1147 566 1231 pluris
589 1167 685 1229 quam
707 1147 784 1212 utile
807 1146 867 1212 fnit
890 1148 984 1214 rebus
1006 1148 1141 1233 publicis
1172 1148 1316 1216 delecta-

213 1261 245 1308 nt
265 1250 320 1314 vit.
366 1249 474 1331 itaque
497 1255 532 1313 nt
556 1249 584 1314 ei
608 1249 768 1316 studiose
793 1251 1069 1317 excellentissimis
1091 1253 1233 1336 ingeniis
1256 1254 1314 1320 ho
1339 1270 1375 1316 ro

264 1353 366 1416 mines
390 1351 590 1432 dediderunt,
615 1371 656 1417 ex
673 1373 711 1418 ea
726 1373 851 1418 summa
873 1353 1025 1421 facultate
1047 1355 1141 1420 vacui
1161 1376 1201 1421 ac
1216 1357 1315 1422 liberi

264 1455 415 1539 temporis
438 1455 536 1520 multo
558 1455 650 1540 plura
672 1477 768 1538 quam
792 1463 859 1522 erat
890 1478 1021 1524 neeesse
1051 1457 1226 1524 doctissimi
1256 1461 1315 1526 ho-

265 1559 366 1623 mines
393 1559 456 1624 otio
472 1559 570 1623 nimio
586 1565 617 1623 et
630 1559 770 1644 ingeniis
785 1561 953 1627 uberrimis
973 1561 1151 1628 adfluentes
1167 1563 1314 1630 curanda

264 1663 325 1728 sibi
348 1683 479 1728 esseae
502 1662 685 1744 quaerenda
715 1669 747 1728 et
769 1664 996 1748 investiganda
1026 1664 1195 1730 duxerunt.
1231 1687 1313 1733 nam

263 1773 354 1832 vetus
377 1767 507 1849 quidem
529 1767 584 1830 illa
612 1766 756 1832 doctrina
787 1767 900 1833 eadem
930 1768 1055 1834 videtur
1081 1777 1114 1833 et
1143 1776 1230 1835 recte
1261 1771 1312 1836 fa·
1335 1787 1370 1833 15

263 1871 368 1936 ciendi
392 1879 423 1936 et
445 1873 528 1938 bene
550 1871 677 1937 dicendi
699 1872 862 1956 magistra,
878 1894 982 1956 neque
998 1874 1131 1941 diiuncti
1148 1874 1309 1958 doctores,

263 1974 426 2041 sedidem
451 1982 541 2040 erant
563 1975 695 2041 vivendi
726 1984 948 2060 praeceptores
979 1985 1074 2060 atque
1096 1978 1241 2064 dicendi;
1270 1988 1311 2045 ut

199 2134 202 2140 .
261 2079 314 2143 ille
336 2078 423 2163 apud
446 2079 618 2144 Homerum
633 2080 788 2161 Phoenix,
813 2082 867 2163 qui
883 2101 918 2147 se
933 2103 953 2146 a
967 2083 1063 2148 Peleo
1084 2089 1173 2166 patre
1188 2083 1309 2149 Achilli

261 2183 370 2249 iuveni
393 2182 541 2268 comitem
566 2203 636 2248 esse
659 2182 768 2248 datum
792 2182 870 2249 dicit
899 2184 941 2249 ad
971 2186 1098 2266 bellum,
1129 2193 1164 2250 ut
1192 2185 1307 2274 [illum]

209 2294 241 2343 58
262 2285 402 2351 efiiceret
433 2290 598 2351 ‘oratorem
632 2288 801 2352 verborum
835 2295 1037 2371 actoremque
1071 2293 1194 2354 rerum‘.
1246 2291 1309 2356 sed
1330 2303 1364 2351 ao

261 2395 295 2452 ut
324 2388 470 2453 homines
499 2389 608 2454 labore
636 2389 771 2455 adsiduo
806 2397 837 2456 et
871 2391 1030 2457 cotidiano
1063 2391 1198 2473 adsueti,
1231 2414 1306 2460 cum

259 2491 458 2574 tempestatis
492 2511 588 2556 cansa
615 2512 711 2576 opere
741 2493 958 2577 prohibentur,
986 2495 1029 2560 ad
1059 2495 1158 2580 pilam
1185 2517 1220 2562 se
1248 2506 1308 2564 aut

258 2593 301 2658 ad
316 2595 397 2660 talos
420 2600 475 2658 aut
494 2593 537 2658 ad
559 2602 696 2660 tesseras
720 2596 886 2662 conferunt
908 2605 964 2663 aut
987 2599 1084 2664 etiam
1106 2621 1225 2665 novum
1242 2602 1307 2667 sibi

258 2698 320 2782 ipsi
344 2697 483 2779 aliquem
507 2699 690 2783 excogitant
711 2699 745 2764 in
769 2701 833 2766 otio
855 2701 975 2784 ludum,
999 2703 1046 2768 sic
1067 2703 1113 2768 illi
1129 2724 1148 2768 a
1164 2706 1307 2787 negotiis

259 2801 394 2886 publicis
417 2807 580 2884 tamquam
603 2804 644 2868 ab
672 2824 767 2887 opere
789 2811 845 2869 aut
872 2807 1067 2891 temporibus
1096 2808 1217 2872 exclusi
1248 2817 1308 2874 aut
1327 2820 1361 2870 as

259 2905 422 2970 voluntate
446 2926 503 2971 sua
525 2906 632 2972 feriati
655 2915 737 2975 totos
760 2930 794 2975 se
817 2910 871 2975 alii
894 2909 937 2974 ad
959 2917 1080 2996 pob'tas,
1104 2911 1158 2976 alii
1174 2910 1216 2975 ad
1231 2933 1307 2996 geo·

259 3015 386 3090 metras,
409 3010 465 3074 alii
491 3010 533 3074 ad
567 3012 702 3078 musicos
730 3014 940 3095 contulerunt,
967 3015 1021 3078 alii
1045 3015 1151 3096 etiam,
1181 3021 1216 3079 ut
1239 3015 1306 3082 dia·

259 3112 372 3195 leetiei,
402 3133 519 3179 novum
550 3115 612 3180 sibi
646 3116 707 3201 ipsi
738 3116 877 3182 studium
911 3116 1084 3200 ludumque
1111 3127 1306 3202 pepererunt

258 3224 355 3300 atque
377 3216 411 3280 in
434 3216 484 3283 his
515 3219 646 3300 artibuS,
681 3239 763 3302 quae
789 3226 935 3304 repertae
966 3227 1040 3286 sunt
1066 3228 1101 3286 ut
1133 3241 1306 3305 puerorum

259 3327 382 3386 mentes
423 3321 465 3386 ad
507 3321 737 3388 humanitatem
775 3323 971 3407 fingerentur
1007 3331 1102 3407 atque
1140 3325 1303 3408 virtutem,
1324 3340 1356 3387 ao

202 3395 240 3515 ig
260 3442 352 3487 omne
386 3431 512 3509 tempus
546 3430 643 3506 atque
676 3432 797 3491 aetates
825 3446 899 3491 suas
926 3434 1197 3513 consumpserunt.
1244 3429 1304 3494 sed

259 3523 343 3604 quod
373 3533 463 3591 erant
490 3526 620 3609 quidam
646 3527 733 3610 iique
760 3529 850 3593 multi
880 3530 934 3611 qui
968 3537 1024 3595 aut
1052 3531 1086 3594 in
1113 3551 1147 3596 re
1174 3531 1304 3615 publica

257 3633 385 3710 propter
407 3629 590 3713 ancipitem,
607 3649 689 3711 quae
703 3651 768 3695 non
783 3637 887 3715 potest
904 3651 973 3698 esse
989 3633 1141 3714 seiuncta,
1162 3634 1304 3700 faciendi

256 3726 450 3810 dicendique
473 3731 662 3815 sapientiam
685 3733 844 3814 florerent,
869 3740 904 3798 ut
926 3734 1164 3818 Themistocles,
1187 3744 1223 3801 ut
1245 3739 1305 3804 Pe-
