<?xml version="1.0" encoding="UTF-8"?>
<!DOCTYPE html PUBLIC "-//W3C//DTD XHTML 1.0 Transitional//EN"
    "http://www.w3.org/TR/xhtml1/DTD/xhtml1-transitional.dtd">
<html xmlns="http://www.w3.org/1999/xhtml" xml:lang="en" lang="en">
 <head>
  <title>
</title>
<meta http-equiv="Content-Type" content="text/html;charset=utf-8" />
  <meta name='ocr-system' content='tesseract 3.04.00' />
  <meta name='ocr-capabilities' content='ocr_page ocr_carea ocr_par ocr_line ocrx_word'/>
</head>
<body>
  <div class='ocr_page' id='page_1' title='image "./mtulliciceronis21cicegoog_0185.png"; bbox 0 0 2836 4114; ppageno 0'>
   <div class='ocr_carea' id='block_1_1' title="bbox 290 176 1056 274">
    <p class='ocr_par' dir='ltr' id='par_1_1' title="bbox 290 176 1056 274">
     <span class='ocr_line' id='line_1_1' title="bbox 290 176 1056 274; baseline 0.008 -36"><span class='ocrx_word' id='word_1_1' title='bbox 290 176 351 240; x_wconf 81' lang='grc'>170</span> <span class='ocrx_word' id='word_1_2' title='bbox 554 190 666 244; x_wconf 86' lang='lat' dir='ltr'>LIBER</span> <span class='ocrx_word' id='word_1_3' title='bbox 678 190 729 274; x_wconf 76' lang='lat' dir='ltr'>llI.</span> <span class='ocrx_word' id='word_1_4' title='bbox 755 189 837 243; x_wconf 85' lang='lat' dir='ltr'>OAP.</span> <span class='ocrx_word' id='word_1_5' title='bbox 852 191 928 244; x_wconf 82' lang='lat'>1-2.</span> <span class='ocrx_word' id='word_1_6' title='bbox 952 191 1056 254; x_wconf 71' lang='lat'><strong>§4—7.</strong></span> 
     </span>
    </p>
   </div>
   <div class='ocr_carea' id='block_1_2' title="bbox 252 362 1389 2829">
    <p class='ocr_par' dir='ltr' id='par_1_2' title="bbox 287 362 1389 1480">
     <span class='ocr_line' id='line_1_2' title="bbox 288 362 1338 448; baseline -0.006 -17"><span class='ocrx_word' id='word_1_7' title='bbox 288 373 370 432; x_wconf 88' lang='lat' dir='ltr'>serto</span> <span class='ocrx_word' id='word_1_8' title='bbox 393 371 426 430; x_wconf 91' lang='lat' dir='ltr'>et</span> <span class='ocrx_word' id='word_1_9' title='bbox 447 365 480 429; x_wconf 93' lang='lat' dir='ltr'>in</span> <span class='ocrx_word' id='word_1_10' title='bbox 503 364 613 448; x_wconf 93' lang='lat' dir='ltr'>primis</span> <span class='ocrx_word' id='word_1_11' title='bbox 635 364 708 428; x_wconf 87' lang='lat' dir='ltr'>forti</span> <span class='ocrx_word' id='word_1_12' title='bbox 732 362 774 426; x_wconf 90' lang='lat' dir='ltr'>ad</span> <span class='ocrx_word' id='word_1_13' title='bbox 795 362 1017 445; x_wconf 85' lang='lat' dir='ltr'>resistendum,</span> <span class='ocrx_word' id='word_1_14' title='bbox 1047 362 1206 446; x_wconf 88' lang='lat' dir='ltr'>Philippo,</span> <span class='ocrx_word' id='word_1_15' title='bbox 1238 363 1338 444; x_wconf 89' lang='lat' dir='ltr'>quasi</span> 
     </span>
     <span class='ocr_line' id='line_1_3' title="bbox 287 465 1339 552; baseline -0.003 -19"><span class='ocrx_word' id='word_1_16' title='bbox 287 469 442 552; x_wconf 86' lang='lat' dir='ltr'>quasdam</span> <span class='ocrx_word' id='word_1_17' title='bbox 475 469 644 533; x_wconf 89' lang='lat' dir='ltr'>verborum</span> <span class='ocrx_word' id='word_1_18' title='bbox 679 467 765 531; x_wconf 89' lang='lat' dir='ltr'>faces</span> <span class='ocrx_word' id='word_1_19' title='bbox 795 465 999 546; x_wconf 83' lang='lat' dir='ltr'>admovisset,</span> <span class='ocrx_word' id='word_1_20' title='bbox 1032 486 1096 530; x_wconf 93' lang='lat' dir='ltr'>non</span> <span class='ocrx_word' id='word_1_21' title='bbox 1125 466 1200 530; x_wconf 88' lang='lat' dir='ltr'>tulit</span> <span class='ocrx_word' id='word_1_22' title='bbox 1222 465 1278 532; x_wconf 92' lang='lat' dir='ltr'>ille</span> <span class='ocrx_word' id='word_1_23' title='bbox 1304 473 1339 530; x_wconf 90' lang='lat' dir='ltr'>et</span> 
     </span>
     <span class='ocr_line' id='line_1_4' title="bbox 287 569 1339 656; baseline -0.004 -19"><span class='ocrx_word' id='word_1_24' title='bbox 287 574 427 656; x_wconf 82' lang='lat' dir='ltr'>graviter</span> <span class='ocrx_word' id='word_1_25' title='bbox 450 571 570 636; x_wconf 82' lang='lat' dir='ltr'>exarsit</span> <span class='ocrx_word' id='word_1_26' title='bbox 598 570 846 654; x_wconf 82' lang='lat' dir='ltr'>pigneribusque</span> <span class='ocrx_word' id='word_1_27' title='bbox 872 569 988 635; x_wconf 90' lang='lat' dir='ltr'>ablatis</span> <span class='ocrx_word' id='word_1_28' title='bbox 1011 570 1161 635; x_wconf 78' lang='lat' dir='ltr'><strong>Crassum</strong></span> <span class='ocrx_word' id='word_1_29' title='bbox 1192 570 1339 635; x_wconf 84' lang='lat' dir='ltr'>instituit</span> 
     </span>
     <span class='ocr_line' id='line_1_5' title="bbox 288 673 1339 758; baseline -0.005 -17"><span class='ocrx_word' id='word_1_30' title='bbox 288 684 440 742; x_wconf 76' lang='lat' dir='ltr'>coercere.</span> <span class='ocrx_word' id='word_1_31' title='bbox 488 696 549 758; x_wconf 88' lang='lat' dir='ltr'>quo</span> <span class='ocrx_word' id='word_1_32' title='bbox 572 674 700 756; x_wconf 89' lang='lat' dir='ltr'>quidem</span> <span class='ocrx_word' id='word_1_33' title='bbox 730 673 800 758; x_wconf 92' lang='lat' dir='ltr'>ipso</span> <span class='ocrx_word' id='word_1_34' title='bbox 823 674 856 738; x_wconf 89' lang='lat' dir='ltr'>in</span> <span class='ocrx_word' id='word_1_35' title='bbox 879 673 948 739; x_wconf 93' lang='lat' dir='ltr'>loco</span> <span class='ocrx_word' id='word_1_36' title='bbox 971 674 1071 738; x_wconf 83' lang='lat' dir='ltr'>multa</span> <span class='ocrx_word' id='word_1_37' title='bbox 1100 695 1120 738; x_wconf 92' lang='lat' dir='ltr'>a</span> <span class='ocrx_word' id='word_1_38' title='bbox 1143 673 1259 739; x_wconf 79' lang='lat' dir='ltr'><strong>Crasso</strong></span> <span class='ocrx_word' id='word_1_39' title='bbox 1291 673 1339 736; x_wconf 88' lang='lat' dir='ltr'>di-</span> 
     </span>
     <span class='ocr_line' id='line_1_6' title="bbox 287 777 1372 857; baseline -0.009 -13"><span class='ocrx_word' id='word_1_40' title='bbox 287 781 406 844; x_wconf 88' lang='lat' dir='ltr'>vinitus</span> <span class='ocrx_word' id='word_1_41' title='bbox 429 778 514 843; x_wconf 89' lang='lat' dir='ltr'>diota</span> <span class='ocrx_word' id='word_1_42' title='bbox 537 798 607 843; x_wconf 90' lang='lat' dir='ltr'>esse</span> <span class='ocrx_word' id='word_1_43' title='bbox 629 777 821 857; x_wconf 85' lang='lat' dir='ltr'>ferebantur,</span> <span class='ocrx_word' id='word_1_44' title='bbox 857 797 928 841; x_wconf 90' lang='lat' dir='ltr'>cum</span> <span class='ocrx_word' id='word_1_45' title='bbox 959 777 1018 842; x_wconf 90' lang='lat' dir='ltr'>sibi</span> <span class='ocrx_word' id='word_1_46' title='bbox 1048 777 1137 840; x_wconf 92' lang='lat' dir='ltr'>illum</span> <span class='ocrx_word' id='word_1_47' title='bbox 1165 777 1372 842; x_wconf 83' lang='lat' dir='ltr'>consulems</span> 
     </span>
     <span class='ocr_line' id='line_1_7' title="bbox 290 881 1338 965; baseline -0.004 -17"><span class='ocrx_word' id='word_1_48' title='bbox 290 903 360 948; x_wconf 91' lang='lat' dir='ltr'>esse</span> <span class='ocrx_word' id='word_1_49' title='bbox 383 887 525 965; x_wconf 87' lang='lat' dir='ltr'>negaret,</span> <span class='ocrx_word' id='word_1_50' title='bbox 549 881 600 945; x_wconf 90' lang='lat' dir='ltr'>cni</span> <span class='ocrx_word' id='word_1_51' title='bbox 623 887 750 945; x_wconf 88' lang='lat' dir='ltr'>senator</span> <span class='ocrx_word' id='word_1_52' title='bbox 776 881 846 964; x_wconf 88' lang='lat' dir='ltr'>ipse</span> <span class='ocrx_word' id='word_1_53' title='bbox 873 900 936 944; x_wconf 92' lang='lat' dir='ltr'>non</span> <span class='ocrx_word' id='word_1_54' title='bbox 961 886 1053 944; x_wconf 78' lang='lat' dir='ltr'>esset,</span> <span class='ocrx_word' id='word_1_55' title='bbox 1100 885 1153 944; x_wconf 87' lang='lat' dir='ltr'>‘an</span> <span class='ocrx_word' id='word_1_56' title='bbox 1183 886 1229 961; x_wconf 80' lang='lat' dir='ltr'>tu,</span> <span class='ocrx_word' id='word_1_57' title='bbox 1259 900 1338 944; x_wconf 89' lang='lat' dir='ltr'>enm</span> 
     </span>
     <span class='ocr_line' id='line_1_8' title="bbox 288 981 1338 1067; baseline -0.003 -17"><span class='ocrx_word' id='word_1_58' title='bbox 288 1006 414 1050; x_wconf 92' lang='lat' dir='ltr'>omnem</span> <span class='ocrx_word' id='word_1_59' title='bbox 436 985 657 1049; x_wconf 89' lang='lat' dir='ltr'>auctoritatem</span> <span class='ocrx_word' id='word_1_60' title='bbox 672 983 813 1048; x_wconf 89' lang='lat' dir='ltr'>universi</span> <span class='ocrx_word' id='word_1_61' title='bbox 829 981 948 1048; x_wconf 88' lang='lat' dir='ltr'>ordinis</span> <span class='ocrx_word' id='word_1_62' title='bbox 971 1003 1028 1066; x_wconf 91' lang='lat' dir='ltr'>pro</span> <span class='ocrx_word' id='word_1_63' title='bbox 1051 983 1183 1066; x_wconf 85' lang='lat' dir='ltr'>pignore</span> <span class='ocrx_word' id='word_1_64' title='bbox 1208 983 1338 1067; x_wconf 85' lang='lat' dir='ltr'>putaris</span> 
     </span>
     <span class='ocr_line' id='line_1_9' title="bbox 289 1084 1337 1170; baseline -0.003 -17"><span class='ocrx_word' id='word_1_65' title='bbox 289 1107 423 1168; x_wconf 89' lang='lat' dir='ltr'>eamque</span> <span class='ocrx_word' id='word_1_66' title='bbox 445 1087 478 1150; x_wconf 93' lang='lat' dir='ltr'>in</span> <span class='ocrx_word' id='word_1_67' title='bbox 502 1093 673 1170; x_wconf 88' lang='lat' dir='ltr'>conspectu</span> <span class='ocrx_word' id='word_1_68' title='bbox 696 1087 804 1170; x_wconf 91' lang='lat' dir='ltr'>populi</span> <span class='ocrx_word' id='word_1_69' title='bbox 826 1087 962 1150; x_wconf 91' lang='lat' dir='ltr'>Romani</span> <span class='ocrx_word' id='word_1_70' title='bbox 985 1084 1171 1167; x_wconf 78' lang='lat' dir='ltr'>considetis,</span> <span class='ocrx_word' id='word_1_71' title='bbox 1200 1108 1253 1152; x_wconf 91' lang='lat' dir='ltr'>me</span> <span class='ocrx_word' id='word_1_72' title='bbox 1281 1086 1337 1150; x_wconf 89' lang='lat' dir='ltr'>his</span> 
     </span>
     <span class='ocr_line' id='line_1_10' title="bbox 290 1188 1335 1274; baseline -0.001 -19"><span class='ocrx_word' id='word_1_73' title='bbox 290 1191 455 1256; x_wconf 84' lang='lat' dir='ltr'>existimas</span> <span class='ocrx_word' id='word_1_74' title='bbox 478 1190 663 1274; x_wconf 85' lang='lat' dir='ltr'>pignoribus</span> <span class='ocrx_word' id='word_1_75' title='bbox 686 1190 818 1254; x_wconf 80' lang='lat' dir='ltr'>terreri?</span> <span class='ocrx_word' id='word_1_76' title='bbox 842 1209 905 1253; x_wconf 92' lang='lat' dir='ltr'>non</span> <span class='ocrx_word' id='word_1_77' title='bbox 922 1189 979 1254; x_wconf 91' lang='lat' dir='ltr'>tibi</span> <span class='ocrx_word' id='word_1_78' title='bbox 995 1189 1050 1254; x_wconf 88' lang='lat' dir='ltr'>illa</span> <span class='ocrx_word' id='word_1_79' title='bbox 1065 1197 1138 1254; x_wconf 93' lang='lat' dir='ltr'>sunt</span> <span class='ocrx_word' id='word_1_80' title='bbox 1154 1188 1335 1270; x_wconf 87' lang='lat' dir='ltr'>caedenda,</span> 
     </span>
     <span class='ocr_line' id='line_1_11' title="bbox 290 1291 1389 1376; baseline -0.001 -17"><span class='ocrx_word' id='word_1_81' title='bbox 290 1295 316 1360; x_wconf 91' lang='lat' dir='ltr'>si</span> <span class='ocrx_word' id='word_1_82' title='bbox 328 1295 363 1358; x_wconf 81' lang='lat' dir='ltr'>L.</span> <span class='ocrx_word' id='word_1_83' title='bbox 381 1293 529 1358; x_wconf 80' lang='lat' dir='ltr'>Crassum</span> <span class='ocrx_word' id='word_1_84' title='bbox 542 1294 591 1358; x_wconf 91' lang='lat' dir='ltr'>vis</span> <span class='ocrx_word' id='word_1_85' title='bbox 603 1300 764 1358; x_wconf 75' lang='lat' dir='ltr'>coercere:</span> <span class='ocrx_word' id='word_1_86' title='bbox 789 1292 868 1357; x_wconf 86' lang='lat' dir='ltr'>haec</span> <span class='ocrx_word' id='word_1_87' title='bbox 884 1292 941 1356; x_wconf 93' lang='lat' dir='ltr'>tibi</span> <span class='ocrx_word' id='word_1_88' title='bbox 957 1300 1005 1358; x_wconf 91' lang='lat' dir='ltr'>est</span> <span class='ocrx_word' id='word_1_89' title='bbox 1020 1291 1193 1357; x_wconf 91' lang='lat' dir='ltr'>incidenda</span> <span class='ocrx_word' id='word_1_90' title='bbox 1207 1294 1333 1376; x_wconf 84' lang='lat' dir='ltr'>lingua,</span> <span class='ocrx_word' id='word_1_91' title='bbox 1357 1303 1389 1349; x_wconf 93' lang='lat'>10</span> 
     </span>
     <span class='ocr_line' id='line_1_12' title="bbox 290 1395 1336 1480; baseline -0.001 -19"><span class='ocrx_word' id='word_1_92' title='bbox 290 1418 352 1480; x_wconf 91' lang='lat' dir='ltr'>qua</span> <span class='ocrx_word' id='word_1_93' title='bbox 375 1398 427 1462; x_wconf 90' lang='lat' dir='ltr'>vel</span> <span class='ocrx_word' id='word_1_94' title='bbox 450 1397 557 1462; x_wconf 86' lang='lat' dir='ltr'>evolsa</span> <span class='ocrx_word' id='word_1_95' title='bbox 580 1396 692 1479; x_wconf 91' lang='lat' dir='ltr'>spiritu</span> <span class='ocrx_word' id='word_1_96' title='bbox 715 1397 785 1479; x_wconf 91' lang='lat' dir='ltr'>ipso</span> <span class='ocrx_word' id='word_1_97' title='bbox 807 1395 972 1462; x_wconf 85' lang='lat' dir='ltr'>libidinem</span> <span class='ocrx_word' id='word_1_98' title='bbox 994 1404 1082 1461; x_wconf 91' lang='lat' dir='ltr'>tuam</span> <span class='ocrx_word' id='word_1_99' title='bbox 1103 1397 1236 1462; x_wconf 89' lang='lat' dir='ltr'>libertas</span> <span class='ocrx_word' id='word_1_100' title='bbox 1259 1416 1336 1461; x_wconf 89' lang='lat' dir='ltr'>mea</span> 
     </span>
    </p>

    <p class='ocr_par' dir='ltr' id='par_1_3' title="bbox 252 1478 1388 2099">
     <span class='ocr_line' id='line_1_13' title="bbox 252 1478 1336 1601; baseline -0.001 -35"><span class='ocrx_word' id='word_1_101' title='bbox 252 1478 461 1601; x_wconf 60' lang='lat' dir='ltr'>{refutabit&#39;</span> <span class='ocrx_word' id='word_1_102' title='bbox 516 1497 672 1582; x_wconf 88' lang='lat' dir='ltr'>permulta</span> <span class='ocrx_word' id='word_1_103' title='bbox 706 1505 773 1562; x_wconf 92' lang='lat' dir='ltr'>tum</span> <span class='ocrx_word' id='word_1_104' title='bbox 807 1499 1089 1564; x_wconf 85' lang='lat' dir='ltr'>vehementissima</span> <span class='ocrx_word' id='word_1_105' title='bbox 1126 1501 1336 1565; x_wconf 78' lang='lat' dir='ltr'>contentione</span> 
     </span>
     <span class='ocr_line' id='line_1_14' title="bbox 290 1601 1336 1687; baseline -0.001 -18"><span class='ocrx_word' id='word_1_106' title='bbox 290 1604 388 1669; x_wconf 88' lang='lat' dir='ltr'>animi</span> <span class='ocrx_word' id='word_1_107' title='bbox 410 1602 531 1687; x_wconf 86' lang='lat' dir='ltr'>ingenii</span> <span class='ocrx_word' id='word_1_108' title='bbox 554 1602 667 1666; x_wconf 90' lang='lat' dir='ltr'>virium</span> <span class='ocrx_word' id='word_1_109' title='bbox 690 1604 731 1667; x_wconf 92' lang='lat' dir='ltr'>ab</span> <span class='ocrx_word' id='word_1_110' title='bbox 756 1623 793 1668; x_wconf 91' lang='lat' dir='ltr'>eo</span> <span class='ocrx_word' id='word_1_111' title='bbox 815 1601 901 1667; x_wconf 86' lang='lat' dir='ltr'>dicta</span> <span class='ocrx_word' id='word_1_112' title='bbox 924 1622 994 1668; x_wconf 91' lang='lat' dir='ltr'>esse</span> <span class='ocrx_word' id='word_1_113' title='bbox 1018 1604 1184 1669; x_wconf 78' lang='lat' dir='ltr'>constabat</span> <span class='ocrx_word' id='word_1_114' title='bbox 1206 1612 1336 1670; x_wconf 90' lang='lat' dir='ltr'>senten-</span> 
     </span>
     <span class='ocr_line' id='line_1_15' title="bbox 290 1705 1336 1791; baseline 0 -17"><span class='ocrx_word' id='word_1_115' title='bbox 290 1710 430 1791; x_wconf 89' lang='lat' dir='ltr'>tiamque</span> <span class='ocrx_word' id='word_1_116' title='bbox 454 1728 534 1787; x_wconf 86' lang='lat' dir='ltr'>eam,</span> <span class='ocrx_word' id='word_1_117' title='bbox 558 1726 654 1788; x_wconf 87' lang='lat' dir='ltr'>quam</span> <span class='ocrx_word' id='word_1_118' title='bbox 676 1713 805 1771; x_wconf 89' lang='lat' dir='ltr'>senatus</span> <span class='ocrx_word' id='word_1_119' title='bbox 828 1705 977 1787; x_wconf 88' lang='lat' dir='ltr'>frequens</span> <span class='ocrx_word' id='word_1_120' title='bbox 993 1713 1127 1772; x_wconf 90' lang='lat' dir='ltr'>secutus</span> <span class='ocrx_word' id='word_1_121' title='bbox 1158 1714 1217 1788; x_wconf 89' lang='lat' dir='ltr'>est,</span> <span class='ocrx_word' id='word_1_122' title='bbox 1242 1731 1336 1774; x_wconf 88' lang='lat' dir='ltr'>orna-</span> 
     </span>
     <span class='ocr_line' id='line_1_16' title="bbox 290 1809 1388 1896; baseline 0 -18"><span class='ocrx_word' id='word_1_123' title='bbox 290 1813 421 1878; x_wconf 90' lang='lat' dir='ltr'>tissimis</span> <span class='ocrx_word' id='word_1_124' title='bbox 443 1818 476 1876; x_wconf 84' lang='lat' dir='ltr'>et</span> <span class='ocrx_word' id='word_1_125' title='bbox 496 1809 694 1896; x_wconf 84' lang='lat' dir='ltr'>gravissimis</span> <span class='ocrx_word' id='word_1_126' title='bbox 717 1809 832 1890; x_wconf 82' lang='lat' dir='ltr'>verbis,</span> <span class='ocrx_word' id='word_1_127' title='bbox 864 1815 908 1874; x_wconf 90' lang='lat' dir='ltr'>‘ut</span> <span class='ocrx_word' id='word_1_128' title='bbox 938 1810 1054 1894; x_wconf 91' lang='lat' dir='ltr'>populo</span> <span class='ocrx_word' id='word_1_129' title='bbox 1077 1812 1222 1878; x_wconf 86' lang='lat' dir='ltr'>Romano</span> <span class='ocrx_word' id='word_1_130' title='bbox 1253 1814 1336 1878; x_wconf 87' lang='lat' dir='ltr'>satis</span> <span class='ocrx_word' id='word_1_131' title='bbox 1357 1821 1388 1867; x_wconf 81' lang='lat'>15</span> 
     </span>
     <span class='ocr_line' id='line_1_17' title="bbox 290 1913 1336 1998; baseline -0.001 -17"><span class='ocrx_word' id='word_1_132' title='bbox 290 1917 388 1997; x_wconf 87' lang='lat' dir='ltr'>fieret,</span> <span class='ocrx_word' id='word_1_133' title='bbox 402 1935 576 1997; x_wconf 89' lang='lat' dir='ltr'>numquam</span> <span class='ocrx_word' id='word_1_134' title='bbox 592 1919 722 1978; x_wconf 86' lang='lat' dir='ltr'>senatus</span> <span class='ocrx_word' id='word_1_135' title='bbox 737 1932 841 1994; x_wconf 87' lang='lat' dir='ltr'>neque</span> <span class='ocrx_word' id='word_1_136' title='bbox 858 1913 1022 1978; x_wconf 92' lang='lat' dir='ltr'>consilium</span> <span class='ocrx_word' id='word_1_137' title='bbox 1037 1914 1083 1978; x_wconf 89' lang='lat' dir='ltr'>rei</span> <span class='ocrx_word' id='word_1_138' title='bbox 1098 1915 1247 1998; x_wconf 85' lang='lat' dir='ltr'>publicae</span> <span class='ocrx_word' id='word_1_139' title='bbox 1271 1937 1336 1982; x_wconf 91' lang='lat' dir='ltr'>nee</span> 
     </span>
     <span class='ocr_line' id='line_1_18' title="bbox 290 2014 1335 2099; baseline 0.001 -16"><span class='ocrx_word' id='word_1_140' title='bbox 290 2019 386 2085; x_wconf 86' lang='lat' dir='ltr'>fidem</span> <span class='ocrx_word' id='word_1_141' title='bbox 398 2019 558 2098; x_wconf 87' lang='lat' dir='ltr'>defuisse‚’</span> <span class='ocrx_word' id='word_1_142' title='bbox 572 2018 612 2082; x_wconf 91' lang='lat' dir='ltr'>ab</span> <span class='ocrx_word' id='word_1_143' title='bbox 626 2037 663 2081; x_wconf 94' lang='lat' dir='ltr'>eo</span> <span class='ocrx_word' id='word_1_144' title='bbox 676 2014 793 2080; x_wconf 90' lang='lat' dir='ltr'>dictam</span> <span class='ocrx_word' id='word_1_145' title='bbox 806 2023 836 2080; x_wconf 92' lang='lat' dir='ltr'>et</span> <span class='ocrx_word' id='word_1_146' title='bbox 849 2015 995 2099; x_wconf 85' lang='lat' dir='ltr'>eundem,</span> <span class='ocrx_word' id='word_1_147' title='bbox 1008 2016 1042 2081; x_wconf 93' lang='lat' dir='ltr'>id</span> <span class='ocrx_word' id='word_1_148' title='bbox 1053 2016 1139 2099; x_wconf 91' lang='lat' dir='ltr'>quod</span> <span class='ocrx_word' id='word_1_149' title='bbox 1151 2018 1184 2082; x_wconf 93' lang='lat' dir='ltr'>in</span> <span class='ocrx_word' id='word_1_150' title='bbox 1196 2021 1335 2085; x_wconf 87' lang='lat' dir='ltr'>auetori-</span> 
     </span>
    </p>

    <p class='ocr_par' dir='ltr' id='par_1_4' title="bbox 256 2120 1386 2829">
     <span class='ocr_line' id='line_1_19' title="bbox 256 2120 1335 2207; baseline 0 -19"><span class='ocrx_word' id='word_1_151' title='bbox 256 2141 271 2188; x_wconf 86' lang='lat'>6</span> <span class='ocrx_word' id='word_1_152' title='bbox 290 2125 408 2189; x_wconf 89' lang='lat' dir='ltr'>tatibus</span> <span class='ocrx_word' id='word_1_153' title='bbox 424 2122 606 2207; x_wconf 89' lang='lat' dir='ltr'>perscriptis</span> <span class='ocrx_word' id='word_1_154' title='bbox 623 2126 721 2200; x_wconf 84' lang='lat' dir='ltr'>extat,</span> <span class='ocrx_word' id='word_1_155' title='bbox 738 2120 905 2185; x_wconf 90' lang='lat' dir='ltr'>scribendo</span> <span class='ocrx_word' id='word_1_156' title='bbox 920 2120 1070 2186; x_wconf 86' lang='lat' dir='ltr'>adfuisse.</span> <span class='ocrx_word' id='word_1_157' title='bbox 1099 2121 1154 2186; x_wconf 87' lang='lat' dir='ltr'>illa</span> <span class='ocrx_word' id='word_1_158' title='bbox 1166 2129 1335 2206; x_wconf 89' lang='lat' dir='ltr'>tamqnam</span> 
     </span>
     <span class='ocr_line' id='line_1_20' title="bbox 291 2224 1334 2312; baseline -0.002 -18"><span class='ocrx_word' id='word_1_159' title='bbox 291 2247 413 2312; x_wconf 88' lang='lat' dir='ltr'>cycnea</span> <span class='ocrx_word' id='word_1_160' title='bbox 434 2226 494 2291; x_wconf 93' lang='lat' dir='ltr'>fuit</span> <span class='ocrx_word' id='word_1_161' title='bbox 509 2225 611 2290; x_wconf 89' lang='lat' dir='ltr'>divini</span> <span class='ocrx_word' id='word_1_162' title='bbox 626 2224 763 2289; x_wconf 91' lang='lat' dir='ltr'>hominis</span> <span class='ocrx_word' id='word_1_163' title='bbox 779 2245 843 2289; x_wconf 84' lang='lat' dir='ltr'>vox</span> <span class='ocrx_word' id='word_1_164' title='bbox 866 2230 898 2288; x_wconf 92' lang='lat' dir='ltr'>et</span> <span class='ocrx_word' id='word_1_165' title='bbox 920 2225 1029 2305; x_wconf 87' lang='lat' dir='ltr'>oratio,</span> <span class='ocrx_word' id='word_1_166' title='bbox 1047 2245 1141 2306; x_wconf 90' lang='lat' dir='ltr'>qnam</span> <span class='ocrx_word' id='word_1_167' title='bbox 1170 2226 1261 2307; x_wconf 87' lang='lat' dir='ltr'>qnasi</span> <span class='ocrx_word' id='word_1_168' title='bbox 1277 2248 1334 2292; x_wconf 86' lang='lat' dir='ltr'>ex·</span> 
     </span>
     <span class='ocr_line' id='line_1_21' title="bbox 289 2329 1386 2416; baseline -0.005 -20"><span class='ocrx_word' id='word_1_169' title='bbox 289 2338 455 2416; x_wconf 91' lang='lat' dir='ltr'>pectantes</span> <span class='ocrx_word' id='word_1_170' title='bbox 477 2337 550 2413; x_wconf 93' lang='lat' dir='ltr'>post</span> <span class='ocrx_word' id='word_1_171' title='bbox 573 2331 641 2394; x_wconf 88' lang='lat' dir='ltr'>eius</span> <span class='ocrx_word' id='word_1_172' title='bbox 663 2329 825 2394; x_wconf 90' lang='lat' dir='ltr'>interitum</span> <span class='ocrx_word' id='word_1_173' title='bbox 847 2329 1055 2394; x_wconf 84' lang='lat' dir='ltr'>veniebamus</span> <span class='ocrx_word' id='word_1_174' title='bbox 1077 2330 1110 2394; x_wconf 91' lang='lat' dir='ltr'>in</span> <span class='ocrx_word' id='word_1_175' title='bbox 1134 2331 1264 2414; x_wconf 85' lang='lat' dir='ltr'>curiam,</span> <span class='ocrx_word' id='word_1_176' title='bbox 1295 2339 1334 2397; x_wconf 93' lang='lat' dir='ltr'>ut</span> <span class='ocrx_word' id='word_1_177' title='bbox 1353 2345 1386 2393; x_wconf 82' lang='lat' dir='ltr'>ac</span> 
     </span>
     <span class='ocr_line' id='line_1_22' title="bbox 289 2432 1335 2517; baseline 0.002 -19"><span class='ocrx_word' id='word_1_178' title='bbox 289 2435 460 2517; x_wconf 84' lang='lat' dir='ltr'>vestigium</span> <span class='ocrx_word' id='word_1_179' title='bbox 479 2432 557 2499; x_wconf 89' lang='lat' dir='ltr'>illud</span> <span class='ocrx_word' id='word_1_180' title='bbox 568 2433 672 2516; x_wconf 92' lang='lat' dir='ltr'>ipsum</span> <span class='ocrx_word' id='word_1_181' title='bbox 684 2433 717 2496; x_wconf 94' lang='lat' dir='ltr'>in</span> <span class='ocrx_word' id='word_1_182' title='bbox 730 2453 792 2514; x_wconf 95' lang='lat' dir='ltr'>quo</span> <span class='ocrx_word' id='word_1_183' title='bbox 805 2432 858 2496; x_wconf 92' lang='lat' dir='ltr'>ille</span> <span class='ocrx_word' id='word_1_184' title='bbox 869 2439 1063 2515; x_wconf 90' lang='lat' dir='ltr'>postremum</span> <span class='ocrx_word' id='word_1_185' title='bbox 1075 2433 1243 2498; x_wconf 88' lang='lat' dir='ltr'>institisset</span> <span class='ocrx_word' id='word_1_186' title='bbox 1259 2455 1335 2500; x_wconf 89' lang='lat' dir='ltr'>con-</span> 
     </span>
     <span class='ocr_line' id='line_1_23' title="bbox 290 2536 1334 2628; baseline 0.003 -27"><span class='ocrx_word' id='word_1_187' title='bbox 290 2545 458 2628; x_wconf 87' lang='lat' dir='ltr'>tueremur.</span> <span class='ocrx_word' id='word_1_188' title='bbox 504 2556 643 2618; x_wconf 90' lang='lat' dir='ltr'>namque</span> <span class='ocrx_word' id='word_1_189' title='bbox 666 2541 733 2599; x_wconf 89' lang='lat' dir='ltr'>tum</span> <span class='ocrx_word' id='word_1_190' title='bbox 755 2537 838 2601; x_wconf 87' lang='lat' dir='ltr'>latus</span> <span class='ocrx_word' id='word_1_191' title='bbox 862 2537 892 2601; x_wconf 91' lang='lat' dir='ltr'>ei</span> <span class='ocrx_word' id='word_1_192' title='bbox 914 2536 1032 2602; x_wconf 85' lang='lat' dir='ltr'>dicenti</span> <span class='ocrx_word' id='word_1_193' title='bbox 1056 2536 1257 2603; x_wconf 88' lang='lat' dir='ltr'>condoluisse</span> <span class='ocrx_word' id='word_1_194' title='bbox 1280 2559 1334 2604; x_wconf 90' lang='lat' dir='ltr'>su-</span> 
     </span>
     <span class='ocr_line' id='line_1_24' title="bbox 290 2639 1334 2725; baseline 0.004 -21"><span class='ocrx_word' id='word_1_195' title='bbox 290 2640 463 2721; x_wconf 90' lang='lat' dir='ltr'>doremque</span> <span class='ocrx_word' id='word_1_196' title='bbox 485 2639 618 2703; x_wconf 92' lang='lat' dir='ltr'>multum</span> <span class='ocrx_word' id='word_1_197' title='bbox 642 2646 845 2704; x_wconf 91' lang='lat' dir='ltr'>consecutum</span> <span class='ocrx_word' id='word_1_198' title='bbox 868 2660 938 2706; x_wconf 87' lang='lat' dir='ltr'>esse</span> <span class='ocrx_word' id='word_1_199' title='bbox 953 2639 1178 2725; x_wconf 87' lang='lat' dir='ltr'>audiebamus;</span> <span class='ocrx_word' id='word_1_200' title='bbox 1203 2659 1245 2706; x_wconf 83' lang='lat' dir='ltr'>cx</span> <span class='ocrx_word' id='word_1_201' title='bbox 1268 2662 1334 2724; x_wconf 95' lang='lat' dir='ltr'>quo</span> 
     </span>
     <span class='ocr_line' id='line_1_25' title="bbox 289 2742 1334 2829; baseline 0.003 -20"><span class='ocrx_word' id='word_1_202' title='bbox 289 2765 360 2809; x_wconf 92' lang='lat' dir='ltr'>cum</span> <span class='ocrx_word' id='word_1_203' title='bbox 384 2743 604 2822; x_wconf 82' lang='lat' dir='ltr'>cohorruisset</span> <span class='ocrx_word' id='word_1_204' title='bbox 629 2762 700 2806; x_wconf 91' lang='lat' dir='ltr'>eum</span> <span class='ocrx_word' id='word_1_205' title='bbox 715 2742 796 2808; x_wconf 88' lang='lat' dir='ltr'>febri</span> <span class='ocrx_word' id='word_1_206' title='bbox 812 2742 939 2808; x_wconf 92' lang='lat' dir='ltr'>domum</span> <span class='ocrx_word' id='word_1_207' title='bbox 954 2743 1048 2809; x_wconf 89' lang='lat' dir='ltr'>rediit</span> <span class='ocrx_word' id='word_1_208' title='bbox 1064 2743 1179 2826; x_wconf 89' lang='lat' dir='ltr'>dieque</span> <span class='ocrx_word' id='word_1_209' title='bbox 1194 2745 1334 2829; x_wconf 90' lang='lat' dir='ltr'>septimo</span> 
     </span>
    </p>
   </div>
   <div class='ocr_carea' id='block_1_3' title="bbox 147 2846 1383 2933">
    <p class='ocr_par' dir='ltr' id='par_1_5' title="bbox 147 2846 1383 2933">
     <span class='ocr_line' id='line_1_26' title="bbox 147 2846 1383 2933; baseline 0 -21"><span class='ocrx_word' id='word_1_210' title='bbox 147 2894 149 2898; x_wconf 80' lang='lat'><em>.</em></span> <span class='ocrx_word' id='word_1_211' title='bbox 254 2863 268 2912; x_wconf 82' lang='grc'><strong>7</strong></span> <span class='ocrx_word' id='word_1_212' title='bbox 287 2847 395 2912; x_wconf 88' lang='lat' dir='ltr'>lateris</span> <span class='ocrx_word' id='word_1_213' title='bbox 418 2846 525 2912; x_wconf 89' lang='lat' dir='ltr'>dolore</span> <span class='ocrx_word' id='word_1_214' title='bbox 541 2852 746 2930; x_wconf 90' lang='lat' dir='ltr'>consumptus</span> <span class='ocrx_word' id='word_1_215' title='bbox 762 2853 818 2912; x_wconf 90' lang='lat' dir='ltr'>est.</span> <span class='ocrx_word' id='word_1_216' title='bbox 857 2868 876 2912; x_wconf 96' lang='lat' dir='ltr'>o</span> <span class='ocrx_word' id='word_1_217' title='bbox 892 2847 1038 2912; x_wconf 89' lang='lat' dir='ltr'>fallacem</span> <span class='ocrx_word' id='word_1_218' title='bbox 1052 2847 1217 2912; x_wconf 92' lang='lat' dir='ltr'>hominum</span> <span class='ocrx_word' id='word_1_219' title='bbox 1237 2869 1330 2933; x_wconf 90' lang='lat' dir='ltr'>spem</span> <span class='ocrx_word' id='word_1_220' title='bbox 1350 2866 1383 2913; x_wconf 83' lang='lat' dir='ltr'>nc</span> 
     </span>
    </p>
   </div>
   <div class='ocr_carea' id='block_1_4' title="bbox 287 2951 1381 3864">
    <p class='ocr_par' dir='ltr' id='par_1_6' title="bbox 287 2951 1381 3864">
     <span class='ocr_line' id='line_1_27' title="bbox 287 2951 1330 3037; baseline 0.004 -21"><span class='ocrx_word' id='word_1_221' title='bbox 287 2952 497 3035; x_wconf 81' lang='lat' dir='ltr'>fragilemque</span> <span class='ocrx_word' id='word_1_222' title='bbox 530 2952 690 3017; x_wconf 88' lang='lat' dir='ltr'>fortunam</span> <span class='ocrx_word' id='word_1_223' title='bbox 729 2957 760 3016; x_wconf 90' lang='lat' dir='ltr'>et</span> <span class='ocrx_word' id='word_1_224' title='bbox 793 2951 900 3016; x_wconf 89' lang='lat' dir='ltr'>inanis</span> <span class='ocrx_word' id='word_1_225' title='bbox 937 2958 1062 3018; x_wconf 89' lang='lat' dir='ltr'>nostras</span> <span class='ocrx_word' id='word_1_226' title='bbox 1100 2953 1330 3037; x_wconf 87' lang='lat' dir='ltr'>contentiones,</span> 
     </span>
     <span class='ocr_line' id='line_1_28' title="bbox 287 3055 1332 3141; baseline 0.002 -19"><span class='ocrx_word' id='word_1_227' title='bbox 287 3077 369 3141; x_wconf 90' lang='lat' dir='ltr'>quae</span> <span class='ocrx_word' id='word_1_228' title='bbox 391 3056 496 3122; x_wconf 89' lang='lat' dir='ltr'>medio</span> <span class='ocrx_word' id='word_1_229' title='bbox 519 3057 552 3120; x_wconf 92' lang='lat' dir='ltr'>in</span> <span class='ocrx_word' id='word_1_230' title='bbox 575 3056 677 3140; x_wconf 87' lang='lat' dir='ltr'>spatio</span> <span class='ocrx_word' id='word_1_231' title='bbox 700 3075 797 3139; x_wconf 88' lang='lat' dir='ltr'>saepe</span> <span class='ocrx_word' id='word_1_232' title='bbox 826 3055 1016 3139; x_wconf 85' lang='lat' dir='ltr'>franguntur</span> <span class='ocrx_word' id='word_1_233' title='bbox 1042 3064 1074 3121; x_wconf 87' lang='lat' dir='ltr'>et</span> <span class='ocrx_word' id='word_1_234' title='bbox 1103 3064 1252 3122; x_wconf 90' lang='lat' dir='ltr'>corruunt</span> <span class='ocrx_word' id='word_1_235' title='bbox 1276 3066 1332 3124; x_wconf 90' lang='lat' dir='ltr'>aut</span> 
     </span>
     <span class='ocr_line' id='line_1_29' title="bbox 287 3160 1330 3244; baseline 0.002 -18"><span class='ocrx_word' id='word_1_236' title='bbox 287 3168 362 3226; x_wconf 88' lang='lat' dir='ltr'>ante</span> <span class='ocrx_word' id='word_1_237' title='bbox 393 3160 518 3244; x_wconf 91' lang='lat' dir='ltr'>inipso</span> <span class='ocrx_word' id='word_1_238' title='bbox 549 3180 642 3225; x_wconf 90' lang='lat' dir='ltr'>oursn</span> <span class='ocrx_word' id='word_1_239' title='bbox 673 3160 847 3226; x_wconf 89' lang='lat' dir='ltr'>obruuntur</span> <span class='ocrx_word' id='word_1_240' title='bbox 870 3179 966 3240; x_wconf 88' lang='lat' dir='ltr'>quam</span> <span class='ocrx_word' id='word_1_241' title='bbox 993 3166 1117 3243; x_wconf 90' lang='lat' dir='ltr'>portum</span> <span class='ocrx_word' id='word_1_242' title='bbox 1144 3161 1330 3244; x_wconf 90' lang='lat' dir='ltr'>conspicere</span> 
     </span>
     <span class='ocr_line' id='line_1_30' title="bbox 287 3263 1331 3350; baseline 0 -19"><span class='ocrx_word' id='word_1_243' title='bbox 287 3267 473 3350; x_wconf 81' lang='lat' dir='ltr'>potuerunt!</span> <span class='ocrx_word' id='word_1_244' title='bbox 498 3285 572 3330; x_wconf 88' lang='lat' dir='ltr'>nam</span> <span class='ocrx_word' id='word_1_245' title='bbox 595 3263 747 3346; x_wconf 88' lang='lat' dir='ltr'>quamdiu</span> <span class='ocrx_word' id='word_1_246' title='bbox 779 3263 884 3329; x_wconf 83' lang='lat' dir='ltr'>Crassi</span> <span class='ocrx_word' id='word_1_247' title='bbox 916 3264 976 3328; x_wconf 91' lang='lat' dir='ltr'>fuit</span> <span class='ocrx_word' id='word_1_248' title='bbox 1005 3265 1187 3329; x_wconf 87' lang='lat' dir='ltr'>ambitionis</span> <span class='ocrx_word' id='word_1_249' title='bbox 1220 3265 1331 3331; x_wconf 89' lang='lat' dir='ltr'>labore</span> 
     </span>
     <span class='ocr_line' id='line_1_31' title="bbox 287 3367 1381 3452; baseline -0.003 -18"><span class='ocrx_word' id='word_1_250' title='bbox 287 3371 354 3435; x_wconf 87' lang='lat' dir='ltr'>vita</span> <span class='ocrx_word' id='word_1_251' title='bbox 377 3371 529 3451; x_wconf 78' lang='lat' dir='ltr'>districta,</span> <span class='ocrx_word' id='word_1_252' title='bbox 553 3369 674 3434; x_wconf 88' lang='lat' dir='ltr'>tamdiu</span> <span class='ocrx_word' id='word_1_253' title='bbox 707 3369 840 3452; x_wconf 90' lang='lat' dir='ltr'>privatis</span> <span class='ocrx_word' id='word_1_254' title='bbox 870 3368 973 3452; x_wconf 79' lang='lat' dir='ltr'>magis</span> <span class='ocrx_word' id='word_1_255' title='bbox 1000 3367 1114 3433; x_wconf 84' lang='lat' dir='ltr'>officiis</span> <span class='ocrx_word' id='word_1_256' title='bbox 1145 3375 1176 3432; x_wconf 89' lang='lat' dir='ltr'>et</span> <span class='ocrx_word' id='word_1_257' title='bbox 1205 3368 1329 3452; x_wconf 84' lang='lat' dir='ltr'>ingenii</span> <span class='ocrx_word' id='word_1_258' title='bbox 1348 3385 1381 3431; x_wconf 89' lang='lat'>30</span> 
     </span>
     <span class='ocr_line' id='line_1_32' title="bbox 287 3471 1327 3556; baseline 0.002 -19"><span class='ocrx_word' id='word_1_259' title='bbox 287 3474 382 3540; x_wconf 89' lang='lat' dir='ltr'>laude</span> <span class='ocrx_word' id='word_1_260' title='bbox 405 3473 510 3540; x_wconf 89' lang='lat' dir='ltr'>floruit</span> <span class='ocrx_word' id='word_1_261' title='bbox 532 3493 627 3555; x_wconf 91' lang='lat' dir='ltr'>quam</span> <span class='ocrx_word' id='word_1_262' title='bbox 650 3472 754 3536; x_wconf 90' lang='lat' dir='ltr'>fructu</span> <span class='ocrx_word' id='word_1_263' title='bbox 785 3471 1003 3556; x_wconf 89' lang='lat' dir='ltr'>amplitudinis</span> <span class='ocrx_word' id='word_1_264' title='bbox 1033 3478 1088 3536; x_wconf 89' lang='lat' dir='ltr'>aut</span> <span class='ocrx_word' id='word_1_265' title='bbox 1110 3471 1156 3537; x_wconf 89' lang='lat' dir='ltr'>rei</span> <span class='ocrx_word' id='word_1_266' title='bbox 1179 3473 1327 3555; x_wconf 84' lang='lat' dir='ltr'>publicae</span> 
     </span>
     <span class='ocr_line' id='line_1_33' title="bbox 288 3576 1329 3662; baseline 0.003 -22"><span class='ocrx_word' id='word_1_267' title='bbox 288 3577 459 3662; x_wconf 80' lang='lat' dir='ltr'>dignitatc3</span> <span class='ocrx_word' id='word_1_268' title='bbox 484 3577 538 3660; x_wconf 90' lang='lat' dir='ltr'>qni</span> <span class='ocrx_word' id='word_1_269' title='bbox 561 3583 667 3640; x_wconf 90' lang='lat' dir='ltr'>autem</span> <span class='ocrx_word' id='word_1_270' title='bbox 689 3597 794 3641; x_wconf 88' lang='lat' dir='ltr'>annus</span> <span class='ocrx_word' id='word_1_271' title='bbox 817 3577 846 3640; x_wconf 93' lang='lat' dir='ltr'>ei</span> <span class='ocrx_word' id='word_1_272' title='bbox 871 3577 990 3659; x_wconf 90' lang='lat' dir='ltr'>primus</span> <span class='ocrx_word' id='word_1_273' title='bbox 1012 3576 1054 3640; x_wconf 91' lang='lat' dir='ltr'>ab</span> <span class='ocrx_word' id='word_1_274' title='bbox 1077 3576 1232 3642; x_wconf 91' lang='lat' dir='ltr'>honorum</span> <span class='ocrx_word' id='word_1_275' title='bbox 1262 3599 1329 3662; x_wconf 92' lang='lat' dir='ltr'>per-</span> 
     </span>
     <span class='ocr_line' id='line_1_34' title="bbox 287 3677 1329 3748; baseline 0.004 -5"><span class='ocrx_word' id='word_1_276' title='bbox 287 3679 450 3745; x_wconf 91' lang='lat' dir='ltr'>functione</span> <span class='ocrx_word' id='word_1_277' title='bbox 473 3679 596 3744; x_wconf 88' lang='lat' dir='ltr'>aditnm</span> <span class='ocrx_word' id='word_1_278' title='bbox 619 3680 760 3744; x_wconf 92' lang='lat' dir='ltr'>omnium</span> <span class='ocrx_word' id='word_1_279' title='bbox 787 3697 940 3744; x_wconf 91' lang='lat' dir='ltr'>concessu</span> <span class='ocrx_word' id='word_1_280' title='bbox 969 3677 1011 3742; x_wconf 92' lang='lat' dir='ltr'>ad</span> <span class='ocrx_word' id='word_1_281' title='bbox 1040 3699 1195 3744; x_wconf 89' lang='lat' dir='ltr'>summam</span> <span class='ocrx_word' id='word_1_282' title='bbox 1224 3689 1329 3748; x_wconf 90' lang='lat' dir='ltr'>aueto-</span> 
     </span>
     <span class='ocr_line' id='line_1_35' title="bbox 287 3781 1329 3864; baseline 0.009 -20"><span class='ocrx_word' id='word_1_283' title='bbox 287 3782 413 3846; x_wconf 89' lang='lat' dir='ltr'>ritatcm</span> <span class='ocrx_word' id='word_1_284' title='bbox 435 3781 543 3862; x_wconf 89' lang='lat' dir='ltr'>dabat,</span> <span class='ocrx_word' id='word_1_285' title='bbox 574 3782 692 3848; x_wconf 87' lang='lat' dir='ltr'>iscius</span> <span class='ocrx_word' id='word_1_286' title='bbox 723 3802 848 3847; x_wconf 91' lang='lat' dir='ltr'>omnem</span> <span class='ocrx_word' id='word_1_287' title='bbox 871 3801 960 3864; x_wconf 89' lang='lat' dir='ltr'>spem</span> <span class='ocrx_word' id='word_1_288' title='bbox 982 3787 1078 3863; x_wconf 91' lang='lat' dir='ltr'>atque</span> <span class='ocrx_word' id='word_1_289' title='bbox 1106 3784 1213 3848; x_wconf 92' lang='lat' dir='ltr'>omnia</span> <span class='ocrx_word' id='word_1_290' title='bbox 1243 3786 1329 3852; x_wconf 87' lang='lat' dir='ltr'>vitae</span> 
     </span>
    </p>
   </div>
   <div class='ocr_carea' id='block_1_5' title="bbox 0 0 1424 4114">
    <p class='ocr_par' dir='ltr' id='par_1_7' title="bbox 0 0 1424 4114">
     <span class='ocr_line' id='line_1_36' title="bbox 0 0 1424 4114; baseline 0 0"><span class='ocrx_word' id='word_1_291' title='bbox 0 0 1424 4114; x_wconf 95' lang='lat' dir='ltr'> </span> 
     </span>
    </p>
   </div>
  </div>
 </body>
</html>
