2836 4114
353 167 462 220 tlssuR
475 167 526 220 ΙΙΙ.
552 166 759 222 CAR14-15.
784 169 922 230 §52-56.
1093 149 1154 212 183

88 339 279 404 hominem
302 361 366 406 non
389 347 509 424 putant.
555 361 649 406 nemo
673 341 786 405 extulit
807 360 879 404 eum
903 339 1010 404 verbis
1033 339 1087 421 qui
1109 338 1154 401 ita

89 443 262 524 dixisset,
285 450 320 507 ut
343 444 395 526 qui
418 443 571 509 adessent
592 444 813 526 intellegerent
836 442 911 524 quid
939 442 1067 523 diceret,
1096 440 1153 506 sed

90 546 307 630 contempsit
330 565 401 610 eum
424 547 477 629 qui
501 547 606 612 minus
628 546 662 610 id
684 546 790 612 facere
822 545 982 631 potuisset.
1029 546 1062 608 in
1092 559 1206 627 55555

91 650 216 734 igitur
236 649 379 715 homines
402 651 654 716 exhorrescunt?
685 671 780 733 quem
803 649 972 735 stupefacti
996 648 1154 713 dicentem

55 767 71 813 5
92 752 303 817 intuentur?
327 753 359 816 in
382 774 444 835 quo
468 753 670 818 exclamant?
694 774 788 836 quern
809 753 913 834 deum,
929 759 964 817 ut
978 753 1024 817 ita
1039 750 1153 832 dicam,

95 857 201 920 inter
223 855 367 921 homines
389 857 524 941 putant?
548 857 600 938 qui
631 856 789 938 distinete,
822 857 875 938 qui
905 856 1072 940 explicate,
1100 855 1155 936 qui

97 958 327 1041 abundanter,
350 961 404 1043 qui
426 960 613 1025 inluminate
637 967 669 1026 et
690 962 785 1026 rebus
808 967 839 1026 et
862 960 968 1026 verbis
990 958 1100 1023 dicunt
1123 964 1155 1022 et

98 1065 142 1128 in
184 1063 254 1146 ipsa
288 1063 427 1128 oratione
457 1063 549 1146 quasi
580 1063 738 1146 quendam
768 1085 935 1158 numerum
965 1082 1154 1165 persumque

101 1165 304 1232 conficiunt:
327 1166 360 1230 id
383 1173 431 1232 est
454 1166 538 1248 quod
561 1167 631 1233 dico
655 1168 795 1233 ‘ornate'.
841 1169 895 1251 qui
918 1167 1003 1232 idem
1025 1167 1072 1230 ita
1093 1187 1156 1231 mo·

45 1269 277 1351 roderentur,
312 1278 493 1352 utrarum,
528 1279 563 1336 ut
593 1290 798 1356 personarum
833 1270 1006 1355 dignitates
1041 1269 1155 1350 ferunt,

103 1373 132 1438 ii
162 1375 290 1438 suntin
314 1392 351 1438 eo
374 1393 492 1458 genere
515 1374 668 1440 laudandi
690 1373 803 1456 laudis,
831 1373 915 1458 quod
940 1395 999 1458 ego
1028 1377 1155 1457 ‘aptum'

107 1483 148 1542 et
171 1480 367 1561 ‘congruens'
391 1477 527 1542 nomine.
574 1479 627 1560 qui
650 1479 694 1543 ita
716 1477 867 1559 dicerent,
884 1498 938 1543 eos
952 1477 1082 1560 negavit
1103 1476 1156 1540 ad·
1175 1494 1208 1542 54

107 1580 179 1644 huc
202 1599 236 1645 se
260 1579 377 1646 vidisse
400 1581 557 1647 Antonius
580 1589 612 1647 et
634 1582 673 1646 iis
696 1582 755 1668 hoc
778 1601 893 1647 nomen
910 1581 992 1646 dixit
1011 1581 1156 1662 eloquen-

110 1684 181 1748 tiae
204 1683 280 1748 solis
302 1704 372 1750 esse
394 1684 606 1750 tribuendum.
646 1705 757 1768 quare
780 1704 889 1750 omnes
911 1683 988 1748 istos
1011 1702 1062 1747 me
1084 1701 1156 1747 aue·

57 1803 89 1848 15
112 1795 185 1852 tore
208 1786 350 1853 deridete
371 1795 468 1871 atque
491 1789 692 1870 contemnite,
716 1789 770 1871 qui
793 1787 970 1869 seherum,
994 1785 1048 1867 qui
1070 1804 1156 1849 nunc

113 1891 163 1954 ita
189 1891 399 1974 appellantur,
431 1891 592 1957 rhetorum
626 1892 805 1977 praeceptis
838 1911 965 1957 omnem
998 1895 1156 1954 oratorum

116 1993 183 2058 vim
207 1993 388 2077 complexos
411 2014 481 2060 esse
503 1995 695 2061 arbitrantur
718 2015 822 2078 neque
844 1994 949 2060 adhuc
972 2012 1067 2075 quam
1090 2011 1157 2076 per-

117 2117 230 2164 sonam
246 2103 376 2164 teneant
391 2106 446 2164 aut
467 2099 542 2182 quid
557 2099 763 2185 profiteantur
778 2100 962 2182 intellegere
978 2101 1156 2182 potuerunt.

117 2221 195 2267 vero
218 2202 303 2266 enim
326 2203 451 2283 oratori,
475 2222 556 2284 quae
579 2204 707 2268 suntin
730 2202 893 2268 hominum
916 2203 992 2281 vita,
1019 2196 1158 2281 quando·

62 2320 98 2366 ao
118 2304 248 2386 quidem
275 2305 309 2368 in
340 2326 378 2370 ea
401 2311 544 2371 versatur
572 2312 675 2371 orator
697 2313 793 2388 atque
824 2326 862 2371 ea
884 2312 932 2370 cst
956 2303 986 2370 ei
1016 2302 1158 2367 subiecta

5 2395 6 2400 ἵ
117 2408 276 2488 materies,
300 2409 406 2473 omnia
429 2408 573 2491 quaesita
594 2408 704 2474 audita
726 2410 810 2474 lecta
832 2409 994 2493 disputata
1024 2412 1159 2471 tractata

118 2513 240 2597 agitata
263 2531 333 2578 esse
356 2512 483 2578 debent.
531 2519 579 2577 est
602 2513 687 2578 enim
711 2513 891 2595 eloquentia
914 2532 978 2578 una
1001 2509 1158 2594 quaedam
1177 2531 1210 2581 55

119 2613 158 2680 de
181 2615 314 2680 summis
344 2617 527 2700 virtutibus;
559 2636 752 2698 quamquam
782 2622 856 2680 sunt
886 2634 997 2681 omnes
1026 2614 1159 2679 virtutes

119 2719 269 2800 aequales
293 2726 324 2782 et
346 2738 448 2803 pares,
474 2718 530 2784 sed
553 2725 661 2785 tamen
685 2726 734 2784 est
757 2719 863 2802 specie
886 2721 950 2784 alia
973 2717 1074 2800 magis
1096 2715 1160 2780 alia

68 2836 99 2884 55
118 2821 257 2888 formosa
280 2829 311 2887 et
333 2823 484 2904 inlustris,
509 2823 590 2888 sicut
612 2823 692 2888 haec
715 2823 773 2903 vis,
798 2843 880 2904 quae
896 2822 1062 2890 scientiam
1078 2840 1159 2885 com·

119 2927 215 3010 plexa
237 2946 342 2990 rerum
365 2946 460 2991 sensa
482 2927 597 2992 mentis
621 2933 653 2991 et
676 2926 806 2991 consilia
822 2927 867 2990 sic
883 2925 990 2993 verbis
1010 2923 1159 3008 explicat,

120 3037 154 3094 ut
176 3049 230 3095 eos
254 3029 308 3111 qui
330 3028 462 3094 audiant
490 3049 687 3112 quocumque
715 3028 893 3094 incubuerit
924 3027 1023 3114 possit
1052 3026 1160 3110 impel-

122 3134 192 3198 lere.
241 3151 323 3214 quae
346 3153 407 3214 quo
430 3133 529 3200 maior
553 3140 601 3198 est
630 3133 689 3213 vis,
712 3131 773 3196 hoe
803 3137 850 3196 est
873 3130 975 3216 magis
1003 3129 1159 3213 probitate

120 3235 283 3320 iungenda
312 3255 498 3317 summaque
532 3234 718 3320 prudentia,
755 3254 888 3317 quarum
922 3233 1072 3298 virtutum
1107 3249 1159 3294 ex-

73 3339 262 3423 tepentibus
286 3339 313 3404 si
336 3338 464 3403 dicendi
487 3340 610 3424 copiam
626 3338 858 3417 tradiderimus
882 3355 944 3402 non
961 3353 1016 3398 eos
1032 3332 1160 3415 quidem

120 3450 257 3508 oratores
281 3441 488 3523 effecerimus,
513 3441 569 3508 sed
599 3441 777 3507 furentibus
807 3438 964 3521 quaedam
993 3456 1083 3500 arma
1110 3435 1161 3500 de·

120 3547 267 3612 derimus.
314 3545 406 3625 hanc,
435 3546 576 3627 inquam,
604 3545 766 3630 cogitandi
796 3537 1085 3627 pronuntiandique
1114 3555 1165 3605 ra*
1180 3529 1214 3652 {fg

120 3651 238 3716 tionem
262 3649 389 3732 vimque
413 3647 541 3714 dicendi
564 3656 689 3714 veteres
712 3643 827 3714 Graeci
851 3643 1041 3729 sapientiam
1064 3644 1161 3708 nomi-

121 3755 249 3820 nabant.
296 3753 370 3817 hinc
402 3752 446 3815 illi
477 3753 627 3836 Lycurgi,
663 3752 737 3816 hinc
770 3749 897 3829 Pittaci,
928 3744 1004 3813 hine
1031 3747 1162 3814 Solones

5 2905 7 2938 l
