2836 4114
273 186 335 251 172
518 205 630 260 LIBER
643 203 695 258 ΙΙΙ.
720 203 802 257 ΟΑΡ.
816 206 892 260 3-4.
917 209 932 268 ἓ
946 207 1056 260 10-15.

220 377 383 443 uicisset
405 378 537 443 nefaria.
585 399 648 443 non
671 377 752 444 vidit
775 397 882 442 eorum
905 378 1044 462 ipsorum
1068 377 1213 458 quitum
1237 375 1326 440 adu-

270 482 427 547 lescentes
450 482 565 548 Crasso
587 503 621 547 se
644 480 788 546 dicarant
811 481 969 546 horribilis
991 481 1186 562 miserosque
1208 499 1324 545 casus.

271 605 313 648 ex
336 585 451 666 quibus
474 586 576 665 Cotta,
600 605 695 667 quom
717 585 770 649 ille
792 583 958 649 florentem
988 584 1167 666 reliquerat,
1199 584 1325 666 paucis

271 689 385 754 diebus
407 696 633 774 postmortem
657 690 763 755 Crassi
786 689 937 773 depulsus
960 709 1016 772 per
1039 687 1194 752 invidiam
1219 688 1326 752 tribu—

272 798 350 857 natu
372 813 436 857 non
458 794 565 858 multis
587 792 628 857 ab
653 813 690 858 eo
713 799 856 876 tempore
884 792 1047 858 mensibus
1076 791 1196 857 eiectus
1226 797 1277 857 est
1304 803 1364 856 es

272 896 420 980 civitate3
443 897 602 980 Sulpicius
624 902 741 976 autem,
765 897 820 977 qui
841 896 875 959 in
898 896 1011 961 eadem
1026 894 1168 960 invidias
1183 893 1324 959 flamma

270 998 392 1080 fuisset,
418 1001 605 1081 quibuscum
628 1000 771 1084 privatus
802 999 1058 1065 coniunctissime
1089 999 1226 1080 vixerat,
1255 998 1322 1065 hos

270 1103 304 1167 in
327 1104 489 1168 tribunatu
513 1103 647 1188 spoliare
663 1103 799 1169 instituit
814 1104 900 1168 omni
916 1103 1092 1188 dignitate3
1117 1102 1168 1167 cui
1184 1101 1324 1184 quidem

270 1206 313 1270 ad
336 1227 492 1271 summam
513 1209 647 1291 gloriam
663 1209 861 1290 eloquentiae
878 1207 1089 1273 efflorescenti
1104 1205 1188 1272 ferro
1205 1214 1323 1290 erepta

271 1310 338 1374 vita
362 1315 463 1374 estet
486 1331 590 1394 poena
613 1311 800 1376 temeritatis
823 1331 887 1375 non
912 1311 980 1376 sine
1003 1329 1120 1393 magno
1142 1309 1189 1374 rei
1212 1309 1320 1393 publi·
1342 1321 1378 1369 10

221 1428 252 1474 12
272 1433 328 1478 cae
351 1414 434 1478 malo
466 1415 644 1479 constituta.
691 1435 751 1497 ego
781 1435 857 1479 uero
887 1420 928 1495 te,
963 1414 1086 1494 Crasse,
1121 1433 1194 1478 cum
1228 1399 1321 1478 vitae

271 1515 429 1582 floretum
445 1518 554 1582 mortis
569 1518 804 1602 opportunitate
820 1516 930 1582 divino
958 1516 1087 1583 consilio
1104 1523 1136 1581 et
1159 1523 1264 1581 ortum
1285 1524 1321 1583 et

270 1621 450 1687 'extinctum
474 1641 544 1686 esse
568 1621 711 1686 arbitror.
757 1641 833 1685 nam
855 1621 913 1685 tibi
927 1627 983 1685 aut
1005 1640 1060 1704 pro
1077 1621 1193 1684 virtute
1216 1621 1322 1685 animi

272 1725 514 1807 constantiaque
545 1731 600 1789 tua
627 1725 730 1789 civilis
757 1723 831 1790 ferri
858 1723 1025 1790 subeunda
1051 1723 1112 1788 fuit
1144 1723 1321 1789 crudelitas

273 1835 337 1908 aut,
361 1829 388 1892 si
410 1836 527 1910 quate
555 1828 681 1892 fortuna
707 1829 749 1893 ab
777 1827 943 1893 atrocitate
971 1827 1080 1892 mortis
1107 1827 1319 1908 vindicasset,
1346 1838 1379 1884 15

273 1931 385 1997 eadem
408 1951 478 1997 esse
509 1939 540 1997 te
568 1932 714 1996 funerum
745 1932 868 2015 patriae
898 1937 1108 2014 spectatorem
1139 1930 1318 2015 coegissem

272 2055 376 2117 neque
415 2037 515 2101 solum
549 2036 607 2100 tibi
640 2037 853 2120 improborum
891 2034 1085 2116 dominatuS,
1123 2033 1180 2100 sed
1218 2035 1320 2100 etiam

272 2146 400 2224 propter
422 2138 598 2204 admixtam
621 2141 738 2205 civium
761 2138 892 2204 caedem
915 2140 1069 2204 bonorum
1084 2137 1217 2203 victoria
1232 2158 1320 2202 mae-

223 2215 334 2336 1{rori
357 2243 478 2310 suisset.
524 2245 601 2308 mihi
626 2244 763 2327 quidem,
788 2242 904 2320 Quinte
919 2243 1026 2324 frater,
1050 2249 1206 2308 eteorum
1223 2263 1320 2309 casus

273 2347 313 2412 de
337 2348 451 2430 quibus
474 2355 548 2413 ante
571 2349 640 2412 dixi
663 2355 695 2413 et
717 2368 756 2412 ea
780 2366 861 2429 quae
885 2354 1010 2413 nosmet
1032 2347 1093 2430 ipsi
1116 2348 1155 2412 ob
1172 2367 1317 2411 amorem
1340 2364 1373 2413 ao

273 2450 306 2513 in
329 2470 396 2514 rem
419 2452 580 2534 publicam
609 2452 827 2517 incredibilem
851 2457 883 2515 et
905 2451 1096 2534 singularem
1130 2450 1320 2534 pertulimus

273 2573 312 2617 ac
335 2555 491 2619 sensimus
515 2556 668 2638 cogitanti
699 2556 858 2621 sententia
881 2575 977 2639 saepe
1008 2561 1064 2618 tua
1093 2575 1171 2620 vera
1200 2575 1239 2619 ac
1271 2575 1320 2621 sa-

273 2658 366 2742 piens
388 2656 490 2722 videri
513 2658 601 2739 solet,
625 2659 679 2740 qui
702 2665 830 2744 propter
857 2665 904 2723 tot
934 2666 1040 2723 tantos
1070 2665 1136 2723 tam
1163 2659 1320 2744 praecipi-

274 2762 378 2842 tisque
406 2779 499 2826 casus
530 2763 774 2828 clarissimorum
806 2763 969 2828 hominum
1000 2768 1096 2845 atquc
1126 2763 1321 2847 optimorum

274 2865 412 2931 virorum
435 2885 486 2930 me
510 2885 636 2950 semper
657 2867 699 2931 ab
723 2867 808 2932 omni
832 2868 1034 2932 contentione
1057 2887 1095 2931 ac
1110 2866 1318 2933 dimicatione
1339 2884 1372 2932 as

224 2981 257 3027 14
274 2969 441 3051 revocasti.
488 2970 545 3035 sed
569 2971 719 3052 quoniam
741 2970 821 3036 haee
844 2971 908 3035 iam
931 2990 1035 3053 neque
1058 2971 1092 3035 in
1114 2971 1240 3054 integro
1264 2993 1319 3038 no

276 3073 327 3139 bis
350 3093 419 3138 esse
442 3082 574 3157 possunt
590 3082 622 3140 et
638 3075 751 3140 summi
774 3074 899 3140 labores
922 3075 1021 3140 nostri
1037 3094 1155 3159 magna
1171 3095 1319 3159 compen·

274 3178 335 3244 sati
357 3178 458 3263 gloria
481 3179 675 3262 mitigantur,
699 3198 871 3264 pergamus
893 3177 935 3243 ad
958 3199 997 3244 ea
1020 3179 1138 3245 solacia
1154 3199 1236 3261 quae
1253 3199 1318 3244 non

272 3283 368 3348 modo
391 3282 511 3349 sedatis
533 3283 687 3349 molestiis
714 3283 861 3363 incunda,
893 3281 950 3348 sed
983 3283 1080 3348 etiam
1110 3283 1318 3348 haerentibus

273 3386 424 3452 salutaria
447 3389 539 3453 nobis
562 3407 633 3452 esse
655 3387 787 3470 possint,
818 3405 1058 3468 sermonemque
1088 3387 1123 3451 L.
1143 3387 1250 3453 Crassi
1273 3409 1317 3453 re-
1335 3401 1369 3449 ao

274 3489 395 3569 liquam
417 3510 456 3555 ac
478 3511 580 3574 paene
603 3495 795 3573 postremum
819 3490 990 3554 memoriae
1016 3479 1193 3574 ¹prodamus
1219 3497 1315 3574 atque

275 3592 315 3671 ei,
347 3594 373 3656 si
400 3614 602 3677 nequaquam
630 3613 739 3676 parem
766 3593 850 3657 illius
880 3593 1024 3676 ingenio,
1057 3600 1090 3658 at
1121 3615 1177 3678 pro
1209 3602 1317 3660 nostro

275 3700 382 3758 tamen
406 3696 510 3763 studio
545 3696 690 3760 meritam
723 3696 860 3777 gratiam
893 3694 1097 3778 debitamque
1130 3697 1315 3764 referamus.

226 3803 258 3850 15
276 3815 379 3876 neque
402 3797 488 3861 enim
511 3800 678 3880 quisquam
701 3804 852 3878 nostrum,
876 3817 947 3862 eum
974 3799 1071 3864 libros
1093 3799 1236 3867 Platonis
1264 3803 1317 3867 mi-
