2866 4110
273 103 292 166 8
450 95 453 106 ‘
511 120 629 174 cisun·
642 122 663 174 1.
718 121 883 178 onor-s
927 124 1071 185 sas-ac.

272 295 413 360 Platonis
438 296 579 360 oratione
606 295 759 378 crevisse;
791 301 822 359 et
845 294 929 377 quod
950 295 1003 360 ille
1026 294 1202 361 durissimis
1224 295 1311 380 pedi-

272 399 333 463 bus
356 398 441 480 fecit,
464 405 499 464 ut
522 419 556 464 se
584 397 723 463 abiceret
753 398 785 462 in
816 398 915 464 herba
944 405 1040 481 atque
1071 399 1116 464 ita
1145 399 1199 463 illa
1230 419 1311 481 quae

273 502 451 586 philosophi
474 501 626 567 divinitus
648 501 753 567 ferunt
776 522 846 567 esse
869 501 954 567 dicta
976 502 1164 585 loqueretur,
1180 502 1214 567 id
1232 503 1312 569 meis
1407 575 1408 590 ,

222 624 254 671 as
273 605 408 690 pedibus
428 612 513 671 certe
534 603 663 670 concedi
683 613 732 671 est
750 601 902 688 aequius.³
947 611 1014 671 tum
1035 607 1183 672 Crassum
1205 599 1326 671 ‘immo
1407 593 1408 606 ¹

273 729 348 775 vero
380 706 573 774 commodius
609 705 715 774 etiam'
741 708 949 793 pulvinosque
979 711 1161 803 poposcisse
1191 715 1222 774 et
1248 730 1347 776 oms

273 812 323 877 nis
353 811 385 876 in
416 813 454 877 iis
484 811 614 878 sedibus
645 832 725 894 quae
755 819 846 878 erant
876 813 934 877 sub
968 814 1097 896 platano
1130 812 1311 878 consedisse
1407 813 1408 826 ¹

277 913 436 1003 [dicebatl.
1069 979 1072 986 ,
1407 995 1408 1002 ἵ

237 1033 254 1087 8
376 1018 427 1084 lbi
445 1025 479 1084 ut
503 1039 543 1083 ex
566 1019 699 1103 pristino
721 1039 865 1085 sermone
887 1020 1106 1085 relaxarentur
1127 1020 1225 1098 animi
1247 1041 1311 1084 om·
1407 1011 1408 1048 ³

273 1123 370 1203 nium,
402 1122 523 1187 solebat
546 1123 639 1188 Cotta
675 1143 803 1188 narrare
829 1124 979 1190 Crassum
1009 1144 1185 1189 sermonem
1217 1144 1312 1206 quen·

126 1215 134 1308 ¹.
199 1235 255 1291 '30
273 1225 347 1292 dam
364 1223 403 1290 de
419 1223 522 1291 studio
542 1223 668 1291 dicendi
690 1226 843 1293 intulisse.
880 1227 933 1309 qui
956 1248 1028 1293 cum
1049 1227 1095 1292 ita
1118 1234 1200 1293 esset
1224 1247 1311 1292 error·
1332 1248 1366 1294 ro

274 1350 343 1395 sus:
380 1350 443 1395 non
475 1329 536 1394 sibi
566 1330 795 1396 cohortandum
817 1331 991 1416 Sulpicium
1022 1337 1054 1397 et
1084 1333 1223 1412 Cottam,
1255 1331 1312 1397 sed

274 1432 376 1517 magis
399 1439 566 1515 utrumque
590 1433 843 1499 conlaudandum
866 1433 977 1516 videri,
998 1433 1082 1516 quod
1104 1441 1226 1498 tantam
1248 1435 1312 1498 iam

275 1541 381 1602 essent
407 1537 590 1602 facultatem
616 1535 734 1622 adepti,
757 1546 792 1603 ut
818 1559 881 1603 non
908 1538 1094 1620 aequalibus
1120 1538 1185 1603 suis
1211 1539 1312 1602 solum

117 1693 120 1700 .
182 1691 185 1697 .
273 1646 549 1724 anteponerentur,
569 1640 627 1706 sed
650 1661 721 1707 oum
743 1642 915 1708 maioribus
937 1647 1015 1707 natu
1038 1649 1311 1727 compararentur;

274 1735 389 1825 ‘neque
416 1763 491 1808 vero
522 1743 600 1809 mihi
627 1741 806 1827 quicquam'
833 1746 937 1828 inquit
963 1739 1196 1830 ‘praestabilius
1226 1745 1366 1812 vide-15

273 1853 322 1911 tur
345 1867 439 1930 quam
462 1868 555 1932 posse
578 1848 713 1914 dicendo
740 1856 848 1914 tenere
871 1849 1033 1915 hominum
1057 1855 1173 1930 coetus,
1196 1850 1313 1914 mentis

218 1939 223 1950 ’
273 1950 427 2032 adlicere,
460 1953 639 2017 voluntates
673 1952 834 2038 impellere
869 1975 931 2036 quo
963 1954 1057 2035 velit,
1088 1953 1172 2018 unde
1205 1959 1312 2017 autem

273 2055 350 2118 velit
364 2054 530 2120 deducere.
559 2055 639 2122 haec
654 2077 718 2120 una
733 2078 784 2122 res
798 2058 833 2121 in
848 2058 934 2122 omni
956 2057 1054 2150 libero
1073 2056 1198 2140 populo,
1215 2056 1313 2120 maxi-

273 2156 409 2244 melque}
441 2159 474 2221 in
504 2158 625 2241 pacatis
655 2160 894 2242 tranquillisque
925 2160 1114 2238 civitatibus,
1143 2158 1313 2242 praecipue

220 2279 252 2328 31
273 2281 397 2344 semper
424 2260 528 2325 floruit
556 2281 742 2346 semperque
770 2262 931 2327 dominata
954 2267 1010 2325 est.
1057 2260 1133 2342 quid
1156 2261 1241 2325 enim
1264 2269 1312 2328 est
1332 2282 1364 2329 ao

272 2369 326 2428 aut
353 2369 417 2428 tam
443 2361 630 2430 admirabile
657 2384 754 2446 quam
780 2386 821 2428 ex
845 2363 970 2429 infinita
991 2363 1192 2429 multitudine
1215 2364 1312 2430 homi·

273 2487 348 2530 num
380 2466 517 2540 existere
545 2487 659 2548 unum,
690 2467 744 2549 qui
774 2466 806 2530 id
838 2465 922 2548 quod
952 2466 1097 2532 omnibus
1129 2465 1242 2532 natu'ra
1272 2468 1313 2533 sit

273 2569 382 2634 datum
405 2571 456 2635 vel
474 2555 567 2636 ¹solus
593 2570 645 2635 vel
671 2590 742 2635 oum
769 2571 936 2653 perpaucis
960 2570 1065 2636 facere
1087 2572 1212 2654 possit?
1256 2579 1312 2637 aut

272 2679 338 2738 tam
364 2672 537 2739 iucundum
564 2673 691 2757 cognitu
722 2681 818 2755 atque
848 2673 957 2739 auditu
988 2694 1083 2756 quam
1115 2675 1312 2758 sapientibus

273 2777 439 2842 sententiis
469 2777 683 2861 gravibusque
712 2776 819 2841 verbis
849 2785 961 2842 ornata
994 2779 1093 2842 oratio
1127 2785 1159 2843 et
1188 2777 1311 2862 polita?
1331 2799 1364 2847 25

272 2885 327 2945 aut
349 2885 415 2945 tam
438 2887 549 2964 potens
572 2877 700 2962 tamque
723 2880 926 2964 magnificum
949 2901 1043 2963 quam
1066 2881 1311 2966 populimotus,

273 2983 411 3049 iudicum
440 2984 624 3068 religiones,
655 2991 784 3049 senatus
816 2985 1008 3068 gravitatem
1042 2985 1135 3050 unius
1169 2985 1312 3050 oratione

220 3107 253 3155 aa
274 3089 436 3153 converti?
460 3088 536 3170 quid
551 3094 616 3153 tam
631 3107 723 3171 porro
737 3087 869 3171 regium,
887 3095 952 3154 tam
971 3089 1110 3170 liberale,
1127 3095 1194 3152 tam
1212 3089 1312 3153 muni-

272 3191 366 3256 ficum
394 3212 489 3274 quarn
516 3211 607 3275 opem
638 3191 720 3256 ferre
750 3191 959 3276 supplicibus,
987 3191 1126 3257 excitare
1156 3189 1311 3272 adflictos,

273 3294 348 3360 dare
368 3296 511 3377 salutem,
527 3295 662 3360 liberare
682 3294 838 3378 periculis,
854 3295 990 3362 retinere
1013 3294 1158 3360 homines
1179 3295 1213 3358 in
1237 3295 1310 3360 civi·
1330 3317 1364 3365 ao

271 3399 361 3465 tate?
384 3399 461 3482 quid
483 3407 588 3488 autem
611 3407 677 3464 tam
700 3399 913 3464 necessarium
937 3419 1032 3480 quam
1054 3405 1163 3463 tenere
1186 3418 1312 3482 semper

269 3523 369 3584 arma,
393 3502 507 3585 quibus
530 3503 581 3569 vel
610 3509 711 3570 tectus
741 3502 810 3587 ipse
840 3523 910 3568 esse
941 3502 1043 3586 possis
1065 3501 1117 3567 vel
1139 3523 1311 3586 provocare

208 3663 217 3680 ,
271 3606 420 3690 inprobos
442 3607 494 3671 vel
519 3614 551 3672 te
577 3608 686 3674 ulcisci
709 3606 898 3672 lacessitus?
929 3625 989 3689 age
1012 3625 1097 3686 vero,
1121 3625 1162 3670 ne
1186 3625 1312 3690 semper
1407 3643 1408 3698 5

269 3707 372 3773 forum
403 3711 553 3776 subsellia
583 3719 682 3780 rostra
713 3710 894 3792 curiamque
925 3707 1098 3774 meditere:
1133 3706 1210 3789 quid
1242 3728 1312 3774 esse
