2836 4114
275 186 336 249 190
495 201 608 255 LIBER
621 201 672 255 Ill.
697 199 780 254 OAP.
806 203 917 257 ao-al.
942 204 1080 266 §76—80,

273 375 385 441 eadem
407 395 511 441 mores
533 375 621 458 leges
644 375 713 438 iura
737 373 898 456 discribat,
929 394 995 439 rem
1027 374 1189 459 publicam
1213 382 1320 459 regat,

273 481 452 563 omniaque,
483 479 525 544 ad
555 499 786 562 quamcumque
816 499 882 544 rem
905 479 1095 562 pertineant,
1127 486 1241 544 ornate
1270 500 1320 545 eo·
1412 499 1413 524 r

222 592 253 640 77
273 585 423 669 pioseque
456 584 550 648 dicat.
595 583 630 646 in
660 603 721 665 quo
750 603 869 667 genere
899 602 956 647 nos
990 581 1118 664 quidem
1152 601 1322 648 versamur
1412 603 1413 624 ³

273 694 398 753 tantum
420 693 573 769 quantum
597 706 775 770 possumus,
806 691 960 768 quantum
988 686 1128 768 ingenio,
1161 693 1320 768 quantum

275 790 426 857 mediocri
448 789 601 871 doctrina,
630 796 785 872 quantum
807 810 867 856 usu
889 790 1051 873 valemus3
1079 809 1185 870 neque
1209 797 1321 855 tamen
1339 801 1357 847 5
1412 807 1413 816 ¹

276 895 345 960 istis
375 894 429 976 qui
457 895 491 957 in
518 914 582 958 una
608 893 809 978 philosophia
839 893 930 975 quasi
960 893 1202 958 tabernaculum
1233 894 1320 958 vitae

278 1003 355 1063 suae
385 997 587 1062 conlocarunt
614 996 745 1061 multum
770 1017 847 1062 sane
869 996 903 1060 in
931 995 1146 1080 disputatione
1175 996 1321 1062 concedi·

225 1071 260 1194 ξὲ
278 1122 357 1166 mus.
405 1100 481 1182 quid
503 1101 588 1166 enim
611 1121 700 1165 meus
721 1099 886 1165 familiaris
910 1100 944 1165 O.
961 1099 1102 1165 Velleius
1124 1099 1253 1166 adferre
1268 1121 1321 1184 po-

278 1211 340 1269 test
363 1224 457 1286 quam
481 1205 521 1269 ob
545 1224 612 1268 rem
644 1204 789 1289 voluptas
820 1205 861 1269 sit
885 1223 1043 1268 summum
1073 1202 1202 1284 bonum,
1235 1203 1321 1286 quod

279 1329 338 1392 ego
362 1328 426 1373 non
449 1309 606 1391 copiosius
628 1309 748 1393 possim
771 1309 822 1373 vel
845 1308 949 1390 tutari,
974 1308 1001 1373 si
1024 1307 1129 1388 velim,
1154 1308 1207 1372 vel
1229 1307 1320 1374 reiel-
1345 1321 1379 1363 10

278 1413 343 1477 lere
366 1430 407 1475 ex
430 1411 491 1476 illis
519 1411 596 1476 locis
625 1432 704 1494 quos
733 1413 880 1496 exposuit
909 1412 1075 1491 Antonius,
1103 1411 1165 1476 hac
1192 1411 1320 1476 dicendi
1412 1411 1413 1418 ’

280 1515 516 1595 exercitatione,
544 1515 577 1578 in
608 1535 671 1598 qua
700 1516 841 1581 Velleius
868 1521 915 1580 θεῖ
943 1514 1040 1596 rudis,
1077 1535 1159 1580 unus
1186 1515 1322 1598 quisque

279 1625 422 1684 nostrum
445 1619 614 1687 versatus?
639 1618 716 1702 quid
739 1625 787 1685 est
810 1618 894 1701 quod
917 1625 973 1683 aut
989 1619 1063 1684 Sex.
1080 1618 1251 1702 Pompeius
1266 1625 1323 1682 aut

281 1721 342 1788 duo
364 1723 458 1787 Balbi
480 1730 534 1787 aut
557 1743 646 1788 meus
668 1723 799 1804 amicus,
824 1723 877 1804 qui
901 1743 972 1786 oum
995 1721 1147 1786 Panaetio
1170 1721 1263 1801 vixit,
1280 1721 1322 1785 Μ.
1389 1699 1413 1784 s

281 1826 433 1910 Vigellius
455 1825 497 1890 de
518 1825 644 1908 virtute,
662 1813 813 1892 ‘homines
837 1826 943 1906 Stoici,
967 1826 1090 1909 possint
1113 1823 1229 1904 dicere,
1259 1844 1324 1906 qua
1349 1837 1381 1881 15
1412 1831 1413 1904 ,

281 1931 314 1994 in
337 1928 552 2013 disputatione
575 1949 634 2012 ego
661 1928 711 1995 his
739 1928 873 1994 debeam
903 1935 957 1993 aut
984 1935 1125 1994 vestrum
1154 1927 1325 2010 quisquam

231 2032 480 2098 reconcedere?
504 2054 568 2098 non
591 2039 639 2098 est
663 2033 747 2097 enim
770 2031 970 2116 philosophia
1000 2031 1111 2097 similis
1140 2031 1256 2094 artium
1280 2051 1326 2096 re·

282 2137 448 2219 liquarum.
494 2158 569 2201 nam
592 2135 669 2218 quid
691 2136 790 2201 faciet
816 2137 850 2200 in
877 2135 1052 2220 geometria
1075 2134 1128 2217 qui
1156 2154 1221 2199 non
1245 2133 1326 2199 didi-

284 2241 385 2306 cerit?
410 2239 486 2322 quid
508 2241 542 2304 in
564 2240 717 2306 musicis?
741 2246 796 2304 aut
819 2246 923 2304 taceat
946 2238 1104 2322 oportebit
1129 2245 1185 2302 aut
1213 2257 1256 2302 ne
1279 2258 1327 2303 sa-

285 2365 345 2409 nus
369 2343 496 2426 quidem
519 2344 683 2410 iudicetur.
730 2343 810 2408 haec
833 2363 909 2409 vero
932 2363 1014 2424 quae
1039 2348 1113 2408 sunt
1134 2342 1167 2405 in
1190 2341 1329 2425 philoso-
1350 2353 1384 2399 20

285 2447 360 2531 phia
390 2448 527 2531 ingeniis
555 2454 706 2513 eruuntur
732 2447 774 2511 ad
809 2446 842 2511 id
869 2445 954 2528 quod
983 2447 1017 2510 in
1041 2465 1165 2528 quoque
1192 2445 1262 2510 veri
1291 2448 1330 2512 si·

284 2549 359 2614 mile
382 2557 431 2614 est
453 2549 642 2614 eliciendum
665 2549 767 2616 acutis
789 2556 884 2632 atque
912 2549 1048 2630 acribus,
1078 2568 1178 2630 eaque
1207 2551 1331 2613 exerei-

285 2659 351 2717 tata
374 2653 515 2717 oratione
537 2652 705 2736 poliuntur.
752 2652 804 2717 hic
831 2653 883 2717 hic
910 2659 1017 2718 noster
1047 2651 1185 2736 volgaris
1212 2658 1330 2734 orator,

287 2756 314 2820 si
341 2755 445 2820 minus
473 2754 679 2836 erit-doctus,
714 2761 857 2820 attamen
888 2756 921 2819 iu
954 2754 1090 2821 dicendo
1123 2754 1331 2837 exercitatus,
1412 2807 1413 2816 ,

286 2858 347 2922 hac
368 2857 439 2942 ipsa
462 2859 689 2924 exercitatione
713 2859 872 2925 communi
896 2857 1017 2924 Stoicos
1047 2857 1175 2940 quidem
1204 2865 1332 2924 nostros
1353 2870 1384 2916 25

286 2962 468 3026 verberabit
491 2982 593 3045 neque
624 2982 658 3027 se
688 2963 729 3027 ab
760 2963 800 3028 iis
830 2962 990 3027 contemni
1020 2960 1203 3045 despicique
1235 2961 1330 3027 sinet.

235 3078 268 3124 ao
287 3067 337 3130 sin
359 3065 474 3147 aliquis
502 3065 642 3130 extiterit
672 3066 844 3148 aliquando
875 3065 928 3147 qui
955 3064 1137 3130 Aristotelio
1168 3085 1258 3129 more
1291 3065 1332 3130 de

287 3169 434 3235 omnibus
457 3169 551 3234 rebus
573 3170 607 3234 in
637 3175 804 3252 utramque
834 3175 957 3253 partem
980 3167 1080 3252 possit
1111 3166 1216 3232 dicere
1241 3169 1331 3232 etin

287 3274 373 3340 omni
399 3292 496 3338 causa
522 3271 602 3337 duas
633 3272 807 3337 contrarias
837 3271 1005 3351 orationes,
1036 3269 1215 3354 praeceptis
1246 3271 1330 3336 illius

288 3377 434 3460 cognitis,
459 3377 620 3462 explicare
642 3381 698 3438 aut
720 3375 779 3439 hoc
801 3373 962 3439 Arcesilae
985 3371 1079 3437 modo
1111 3379 1142 3437 et
1170 3373 1330 3438 Carneadi
1348 3385 1383 3432 30

289 3487 398 3544 contra
420 3500 515 3544 omne
538 3476 621 3559 quod
655 3477 849 3560 propositum
884 3476 924 3540 sit
957 3475 1102 3555 disserat,
1139 3475 1257 3557 quique
1288 3477 1330 3541 ad

289 3599 361 3645 eam
383 3582 538 3646 rationem
560 3578 716 3660 adiungat
737 3578 821 3642 hunc
845 3575 1056 3664 [rhetoricum]
1080 3597 1171 3642 usum
1189 3575 1329 3664 [morem-

290 3680 362 3766 que]
386 3682 709 3762 exercitationemque
732 3679 868 3759 dicendi,
890 3681 917 3745 is
933 3681 973 3745 sit
988 3699 1091 3763 verus,
1115 3682 1142 3746 is
1158 3681 1329 3765 perfectus

289 3783 318 3845 is
341 3783 426 3847 solus
448 3789 561 3848 orator.
608 3803 683 3846 nam
706 3803 810 3864 neque
834 3782 902 3846 sine
925 3782 1104 3848 forensibus
1120 3785 1228 3849 nervis
1253 3787 1330 3852 satis
