2834 4110
290 227 405 281 urana
424 227 460 280 11.
491 226 573 281 cnr.
593 229 704 283 51-52.
735 229 913 292 caco-acc.
1059 210 1119 274 125

264 351 278 380 Ι

87 397 202 465 invidia
215 400 433 467 misericordia
447 421 520 486 spes
535 402 657 466 laetitia
672 401 766 465 timor
779 401 940 466 molestia:
964 401 1117 468 sentimus

87 522 218 569 amorem
249 505 425 586 conciliari,
460 505 487 570 si
514 504 547 568 id
578 505 717 585 videare,
749 504 833 587 quod
863 505 904 570 sit
933 504 1010 570 utile
1039 504 1117 588 ipsis

89 607 167 688 apud
188 628 265 690 quos
286 629 376 692 agas,
408 607 590 688 defendere,
620 615 676 672 aut
707 609 732 672 01
757 628 813 691 pro
840 608 932 674 bonis
959 608 1036 673 virio
1063 614 1117 672 aut

91 717 167 776 certe
191 732 247 796 pro
275 712 315 777 iis
346 712 400 795 qui
429 712 489 776 illis
519 712 594 777 boni
621 718 716 794 atque
746 712 840 777 utiles
867 712 930 777 0101
963 712 1114 777 laborare.

52 830 215 897 unamque
237 815 318 881 haec
345 836 397 881 100
423 836 562 881 amorem
590 815 692 899 magis
723 816 879 896 conciliat,
910 815 965 880 illa
991 814 1116 879 virtutis

88 914 220 984 defensio
250 919 428 1002 caritatem
457 920 590 1002 plusque
617 918 750 1002 proficit,
778 918 805 983 si
832 919 1016 1004 proponitur
1043 937 1116 1002 spes

87 1020 221 1088 utilitatis
243 1022 370 1086 futurae
393 1042 487 1104 quam
510 1022 670 1106 praeteriti
687 1021 833 1086 beneficii
849 1021 1113 1089 commemoratio.

86 1124 261 1191 enitendum
285 1130 390 1191 estut
413 1124 561 1190 ostendas
584 1125 618 1189 in
641 1145 680 1189 ea
702 1145 735 1190 re
759 1144 854 1208 quarn
881 1124 1038 1191 defendas
1060 1132 1115 1190 aut
1133 1135 1185 1182 20⁷

85 1225 264 1310 dignitatern
287 1228 393 1294 inesse
422 1234 478 1294 aut
507 1228 687 1309 utilitatem,
718 1248 853 1312 eumque
884 1229 934 1294 cui
966 1230 1114 1296 concilies

34 1347 64 1392 10
84 1328 162 1395 hunc
182 1351 321 1397 amorem
353 1331 513 1416 significes
542 1331 622 1396 nihil
652 1332 694 1396 ad
716 1332 884 1397 utilitatem
910 1352 1000 1398 suam
1022 1340 1115 1398 rettu-

83 1433 151 1498 lisse
173 1455 209 1500 ac
232 1435 312 1499 nihil
335 1435 462 1501 omnino
486 1434 601 1501 fecisse
624 1455 722 1500 causa
742 1455 807 1500 sua.
847 1434 1008 1502 invidetur
1030 1437 1114 1502 enim

82 1537 248 1602 commodis
272 1537 434 1604 hominum
456 1538 605 1622 ipsorum,
629 1538 741 1602 studiis
764 1546 870 1604 autem
899 1558 1007 1606 eorum
1034 1546 1114 1605 cete·

81 1638 122 1704 ris
154 1640 374 1706 commodandi
407 1641 540 1706 favetur.
595 1641 831 1724 videndumque
869 1641 929 1707 1100
962 1645 1031 1709 1000
1066 1649 1183 1707 001208

80 1763 128 1824 ne,
151 1764 227 1826 quos
250 1746 290 1810 ob
315 1743 485 1810 benefacta
507 1745 596 1830 diligi
621 1746 773 1828 volemuS,
798 1766 904 1812 eorum
927 1745 1052 1818 laudem
1069 1753 1112 1810 at-

37 1861 63 1908 10
82 1867 140 1928 que
160 1848 303 1932 gloriam,
336 1848 386 1913 cui
416 1849 556 1914 maxime
589 1849 726 1913 invideri
756 1851 844 1930 solet,
875 1849 970 1915 nimis
1000 1849 1112 1914 efferre

6 1983 7 1992 ,
80 1950 246 2016 videamur.
294 1957 390 2033 atque
414 1951 534 2018 eisdem
557 1952 607 2018 his
630 1972 671 2017 ex
694 1953 771 2019 locis
794 1961 825 2020 et
848 1956 881 2019 in
904 1953 982 2018 alios
1005 1951 1111 2018 odium

79 2059 194 2120 struere
217 2055 377 2120 discemus
400 2062 431 2120 et
447 2077 466 2120 a
481 2057 573 2122 nobis
589 2076 627 2120 ac
642 2057 758 2124 0001110
779 2058 965 2140 demovere,
989 2055 1112 2121 eadem-

79 2177 137 2238 que
159 2157 238 2223 haec
259 2178 381 2243 genera
403 2165 476 2224 sunt
503 2159 670 2225 tractanda
696 2161 730 2225 in
757 2161 921 2226 iracundia
952 2161 1002 2225 vel
1030 2158 1112 2224 exci-

78 2261 173 2326 tanda
205 2263 257 2328 vel
294 2261 445 2328 sedanda.
492 2284 566 2328 nam
597 2264 633 2344 si,
663 2265 747 2345 quod
780 2267 858 2350 ipsis
892 2265 945 2348 qui
979 2264 1112 2330 audiunt

35 2376 62 2424 10
79 2365 284 2446 perniciosum
318 2373 373 2430 aut
402 2367 512 2432 inutile
545 2367 594 2449 sit,
627 2367 660 2431 id
688 2369 808 2435 factum
840 2389 970 2454 augeae,
1005 2368 1112 2434 odium

78 2475 211 2553 creatnr;
236 2471 296 2550 sin,
321 2469 404 2551 quod
426 2477 481 2535 aut
509 2471 543 2535 in
568 2473 668 2537 bonos
695 2473 780 2538 viros
809 2479 864 2538 aut
890 2474 923 2536 in
952 2494 1007 2540 000
1033 2491 1112 2553 quos

78 2571 203 2637 minime
226 2573 360 2655 quisquc
382 2572 526 2639 debuerit
549 2575 659 2639 autin
682 2596 749 2640 rem
772 2577 941 2660 publicam,
970 2584 1037 2642 tum
1060 2595 1112 2640 ex-

77 2674 196 2756 citatur,
219 2677 246 2740 si
270 2695 334 2739 non
356 2683 420 2741 tarn
443 2678 593 2742 acerbum
617 2677 733 2759 odium,
757 2686 863 2746 tamen
886 2686 942 2744 aut
971 2679 1111 2745 invidiae

77 2784 130 2842 aut
155 2778 218 2843 odii
249 2799 313 2843 non
351 2779 511 2845 dissimilis
543 2781 685 2847 offensio.
731 2783 808 2848 item
839 2785 932 2848 timor
961 2783 1112 2850 incutitur
1129 2801 1180 2849 ace

35 2887 191 2946 001101
214 2883 354 2966 ipsorum
384 2884 533 2966 periculis
562 2892 618 2948 aut
648 2904 688 2950 ex
719 2888 954 2951 communibus:
983 2885 1112 2953 interior

79 2985 196 3049 0011110
219 2985 380 3070 proprium
405 2986 462 3052 sed
485 2985 537 3051 hic
560 3007 685 3070 quoque
708 2990 882 3054 communis
910 2990 952 3053 ad
976 2989 1109 3055 eandem

78 3088 312 3154 similitudinem
335 3096 384 3154 001
406 3089 636 3174 perducendus.
683 3099 858 3174 paratque
882 3112 946 3157 una
961 3094 1041 3158 ratio
1063 3099 1111 3158 001
1133 3106 1170 3159 aa

79 3192 144 3274 spei
165 3193 304 3258 laetitiae
327 3194 507 3278 molestiae3
541 3194 598 3259 sed
624 3195 712 3258 baud
738 3196 836 3260 sciam
867 3217 908 3259 an
940 3197 1110 3262 acerrimus

79 3293 168 3380 longe
190 3296 231 3360 sit
254 3297 395 3362 omnium
418 3303 521 3363 motus
544 3298 684 3364 invidiae
708 3320 767 3364 nec
783 3300 886 3364 minus
901 3299 1015 3364 virium
1031 3319 1110 3381 opus

40 3403 66 3450 ³⁰
81 3397 117 3462 sit
145 3399 177 3463 in
211 3419 250 3463 ea
283 3401 519 3484 comprimenda
550 3422 644 3484 quam
675 3403 707 3466 in
739 3400 917 3468 excitanda.
964 3399 1110 3466 invident

82 3507 179 3566 autem
201 3501 346 3568 homines
368 3504 506 3568 maxime
529 3506 658 3590 paribus
680 3513 735 3570 aut
754 3502 965 3585 inferioribus,
988 3523 1059 3569 cum
1076 3525 1110 3570 se

82 3605 197 3671 relictos
220 3607 369 3688 sentiunt,
392 3608 463 3673 illos
484 3615 592 3673 autem
618 3609 727 3674 dolent
749 3611 906 3688 evolasse,
931 3606 987 3672 sed
1015 3609 1110 3673 etiam

83 3709 287 3790 superioribus
318 3710 478 3776 invidetur
510 3730 606 3795 saepe
637 3712 843 3778 vehementer
873 3714 905 3772 01
937 3731 974 3776 eo
996 3712 1109 3796 magia,

81 3809 105 3872 01
131 3811 349 3880 intolerantius
378 3835 412 3880 00
442 3815 562 3880 iactant
592 3822 624 3879 et
653 3815 913 3897 aequabilitatem
935 3816 1110 3880 communio
