2836 4114
278 189 341 254 218
483 205 595 260 LIBER
614 205 665 260 111.
688 204 770 260 OAP.
784 209 896 262 46—47.
926 211 941 271 ἓ
961 208 1106 264 180-183.

278 388 310 445 et
333 387 507 446 ceterarum
528 379 656 445 aedium
678 401 742 450 non
770 387 931 462 venustas,
956 380 1013 446 sed
1042 380 1217 446 necessitas
1248 380 1320 465 ipsa

278 484 432 550 fabricata
455 491 512 551 est.
558 505 633 550 nam
668 505 739 550 oum
774 491 858 551 esset
890 484 1002 550 habita
1035 484 1115 551 ratio
1150 505 1245 568 quem
1275 485 1319 550 ad

277 587 405 654 modum
428 609 469 654 ex
491 594 626 671 utraque
649 589 725 654 tecti
746 595 837 673 parte
859 609 943 671 aqua
966 588 1174 670 delaberetur,
1202 589 1318 654 utilita-

277 699 342 758 tem
364 693 474 777 templi
497 691 620 776 fastigii
649 691 790 777 dignitas
821 699 989 758 consecuta
1023 699 1087 779 est;
1118 697 1162 774 ut,
1191 692 1318 760 etiamsi

276 797 310 862 in
333 798 419 862 caelo
444 797 633 881 Capitolium
657 802 856 878 statueretur,
879 797 934 863 ubi
956 797 1059 864 imber
1081 817 1232 864 essenon
1248 817 1320 882 pos·
1340 812 1358 860 5

277 907 333 983 set,
368 902 487 967 nullam
521 901 591 967 sine
620 900 748 985 fastigio
783 901 971 985 dignitatem
1005 902 1186 968 habiturum
1217 901 1319 967 fuisse

209 1017 257 1066 181
276 1004 430 1070 videatur.
475 1004 535 1069 hoc
556 1005 589 1069 in
613 1004 759 1070 omnibus
781 1005 858 1071 item
873 1005 1016 1090 partibus
1031 1005 1182 1070 orationis
1197 1004 1318 1087 evenit,

276 1116 310 1175 ut
332 1108 499 1174 utilitatem
521 1129 560 1174 ac
584 1128 685 1193 prope
707 1109 932 1176 necessitatem
954 1108 1095 1176 suavitas
1111 1107 1268 1192 quaedam
1284 1115 1320 1174 et

275 1213 363 1299 lepos
398 1219 614 1295 consequatur.
673 1213 829 1280 clausulas
862 1214 947 1279 enim
981 1220 1076 1297 atque
1114 1214 1319 1298 interpuncta

275 1318 444 1384 verborum
466 1318 592 1384 animae
615 1319 797 1384 interclusio
819 1325 915 1402 atque
937 1321 1104 1404 angustiae
1119 1319 1247 1404 spiritus
1270 1325 1318 1384 at·
1340 1335 1375 1384 1o

276 1423 431 1507 tulerunt;
453 1422 487 1487 id
508 1423 676 1488 inventum
698 1423 744 1487 ita
767 1430 815 1489 est
838 1442 944 1504 suave,
968 1429 1012 1505 ut,
1044 1423 1071 1489 si
1098 1423 1149 1488 cui
1180 1423 1220 1488 sit
1246 1422 1318 1488 infi-

275 1529 360 1592 nitus
383 1527 510 1611 spiritus
532 1526 636 1610 datus,
662 1532 864 1593 tamencum
891 1533 1080 1612 perpetuare
1110 1527 1209 1593 verba
1238 1527 1318 1593 noli-

275 1650 354 1696 mus,
399 1630 432 1695 id
456 1632 540 1696 enim
571 1631 699 1697 auribus
730 1631 846 1698 nostris
875 1637 1000 1716 gratum
1035 1637 1082 1696 est
1114 1629 1317 1719 [inventum],

276 1735 359 1817 quod
382 1734 545 1800 hominum
567 1735 719 1801 lateribus
744 1757 808 1802 non
831 1735 994 1800 tolerabile
1010 1736 1121 1816 solum,
1145 1733 1318 1800 sedetiam

207 1818 256 1942 14872
274 1838 368 1905 facile
392 1859 461 1905 esse
484 1839 592 1924 possit.
638 1839 825 1924 longissima
848 1845 895 1904 est
916 1838 1013 1924 igitur
1044 1837 1220 1923 complexio
1247 1860 1318 1904 ver·
1340 1856 1373 1904 ro

275 1945 395 2025 borum,
418 1963 500 2026 quae
522 1944 608 2010 volvi
631 1962 694 2008 uno
718 1944 829 2028 spiritu
858 1948 979 2028 potest3
1012 1941 1069 2008 sed
1099 1943 1151 2008 hic
1181 1949 1317 2010 naturae

274 2047 386 2114 modus
409 2053 466 2130 est,
494 2048 571 2114 artis
597 2048 687 2114 alius.
734 2069 808 2112 nam
841 2068 912 2113 cum
946 2048 1009 2114 sint
1038 2047 1161 2114 numeri
1195 2047 1316 2131 plures,

273 2153 414 2217 iambum
445 2159 476 2217 et
506 2152 688 2218 trochaeum
718 2152 917 2235 frequentem
948 2159 1096 2236 segregat
1125 2153 1165 2217 ab
1189 2158 1317 2218 oratore

275 2257 469 2339 Aristotelea,
494 2257 613 2339 Catule,
637 2264 752 2338 vester,
784 2257 838 2340 qui
868 2262 981 2321 natura
1004 2262 1118 2338 ¹,tamen
1149 2255 1317 2322 incurrunt

273 2361 335 2445 ipsi
359 2361 391 2425 in
415 2362 588 2427 orationem
619 2380 861 2444 sermonemque
890 2366 1046 2444 nostrum;
1077 2359 1134 2426 sed
1164 2367 1238 2424 sunt
1268 2360 1315 2426 in·
1335 2376 1370 2424 ao

275 2467 382 2550 signes
405 2467 624 2551 percussiones
648 2485 755 2530 eorum
778 2485 980 2530 numerorum
1003 2470 1034 2529 et
1061 2464 1173 2529 minuti
1203 2465 1314 2549 pedes.

275 2590 338 2654 qua
359 2591 393 2636 re
417 2571 552 2656 primum
575 2570 618 2635 ad
640 2570 772 2636 heroum
795 2590 853 2637 nos
877 2567 1007 2657 [dactyli
1039 2575 1070 2634 et
1091 2570 1259 2654 anapaesti
1283 2578 1316 2636 et

274 2673 400 2759 spondii
428 2673 552 2762 pedem]
584 2674 716 2759 invitat3
747 2675 780 2739 in
816 2695 877 2757 quo
907 2674 1038 2759 impune
1068 2672 1217 2758 progredi
1240 2675 1316 2740 licet

275 2777 336 2843 duo
360 2777 526 2843 dumtaxat
549 2773 647 2863 pedes
670 2785 726 2843 aut
748 2780 842 2864 paulo
865 2779 946 2863 plus,
970 2799 1011 2844 ne
1027 2779 1122 2863 plane
1136 2779 1170 2842 in
1186 2798 1315 2844 versum

273 2888 328 2946 aut
349 2881 382 2946 in
406 2881 645 2947 similitudinem
667 2903 778 2948 versus
808 2882 994 2949 incidamus.
1041 2875 1136 2948 ‘altae
1164 2888 1239 2947 sunt
1259 2903 1313 2968 ge·
1334 2895 1369 2944 aa

273 2986 389 3068 minae,
413 2982 556 3069 quibus?
583 2986 616 3051 hi
646 2992 710 3053 tres
744 2985 852 3075 [heroi]
885 2986 984 3072 pedes
1006 2987 1040 3052 in
1063 2985 1219 3071 principia
1242 3007 1313 3052 oon-

206 3105 254 3154 183
274 3089 497 3155 tinuandorum
530 3091 700 3156 verborum
735 3091 812 3157 satis
843 3090 957 3156 decore
989 3089 1115 3156 cadunt.
1162 3089 1313 3174 probatur

273 3201 379 3260 autem
407 3194 448 3259 ab
480 3194 592 3259 eodem
621 3195 673 3261 illo
706 3196 845 3261 maxime
875 3215 989 3280 paean,
1020 3195 1073 3278 qui
1104 3200 1152 3259 est
1181 3193 1311 3279 duplex.

273 3319 347 3364 nam
370 3305 425 3363 aut
446 3319 466 3363 a
488 3298 584 3383 longa
606 3298 712 3382 oritur,
739 3320 835 3382 quam
858 3305 922 3365 tres
937 3300 1051 3366 breves
1067 3305 1311 3381 consequuntur,

273 3410 307 3467 ut
336 3402 416 3468 haee
445 3403 544 3468 verba
574 3395 732 3469 ‘desinite'
763 3397 915 3488 ‘incipite'
949 3396 1177 3488 ‘comprimite'
1207 3408 1263 3467 aut
1292 3423 1313 3466 a
1331 3415 1367 3463 ao

272 3505 423 3571 brevibus
447 3505 598 3592 deinceps
621 3507 732 3589 tribus,
756 3514 900 3574 extrema
922 3508 1075 3594 producta
1090 3514 1185 3591 atque
1204 3507 1311 3590 longa,

273 3608 354 3673 siout
376 3609 429 3673 illa
456 3616 529 3675 sunt
558 3603 770 3676 ‘domuerant'
800 3604 1012 3697 ‘sonupedes'
1056 3618 1152 3695 atque
1175 3611 1220 3675 illi
1246 3611 1313 3696 phi-

272 3710 404 3795 losopho
431 3711 526 3777 ordiri
541 3713 645 3797 placet
660 3733 680 3777 a
696 3715 857 3798 superiore
873 3735 1006 3799 paeane,
1022 3715 1194 3800 posteriore
1208 3714 1309 3780 finire.

276 3819 324 3877 est
346 3819 451 3878 autem
473 3834 577 3888 paean
600 3815 652 3880 hie
675 3818 829 3900 posterior
851 3838 914 3884 non
945 3819 1138 3903 syllabarum
1168 3839 1309 3902 numero,
