2834 4110
346 227 461 281 uranu
479 227 515 281 11.
548 227 631 283 000.
646 230 755 286 14-15.
787 231 931 294 eso-ea
1113 213 1156 278 85

113 396 258 466 tantum'
305 394 416 484 ‘atqui
442 397 563 467 Oatule'
585 403 689 485 inquit
710 403 867 468 Antonius
889 397 964 469 ‘non
992 424 1051 488 ego
1074 403 1157 468 utili-

113 511 211 570 tatem
233 506 378 588 aliquam
407 505 450 570 ad
480 506 650 572 dicendum
681 527 843 591 aucupans
865 507 976 572 horum
1002 507 1098 572 libros
1126 514 1158 572 et

113 629 177 673 non
199 610 305 674 nullos
328 609 418 690 alios,
442 610 498 675 sed
521 610 739 676 delectationis
762 631 866 693 causa,
891 631 962 676 oum
985 617 1033 676 est
1049 611 1157 692 otium,

114 713 220 797 legere
237 713 335 778 soleo.
383 713 459 795 quid
476 733 549 798 ergo
566 715 635 780 est?
659 721 716 795 est,
739 714 872 796 fatebor,
892 715 1013 798 aliquid
1031 721 1155 799 tamen;
1176 737 1211 784 00

78 827 95 876 5
114 823 159 898 ut,
180 836 254 880 cum
276 817 311 881 in
335 816 402 881 sole
424 817 593 898 ambulem,
618 818 741 883 etiamsi
765 839 824 903 ego
847 819 942 883 aliam
965 819 1004 884 ob
1029 838 1157 883 causam

116 921 287 1000 ambulem,
318 919 389 984 fieri
418 926 531 986 natura
553 928 660 986 tamen
689 927 724 986 ut
747 923 874 1004 eolorer,
899 923 954 1004 sic,
987 943 1058 988 curn
1081 922 1158 988 istos

114 1023 211 1090 libros
233 1023 278 1088 ad
300 1024 459 1104 Misenum
488 1063 531 1072 ——
553 1046 628 1089 narn
650 1027 771 1090 Romae
794 1026 849 1090 vix
879 1026 953 1091 licet
976 1065 1018 1074 -
1042 1026 1157 1091 studic-

116 1127 180 1192 sius
199 1127 345 1210 legerim,
362 1128 464 1193 sentio
486 1129 609 1194 illorum
631 1136 718 1194 tactu
741 1129 915 1195 orationem
938 1151 1044 1196 meam
1067 1130 1157 1213 quasi

116 1230 256 1296 colorari.
305 1231 363 1296 sed
386 1251 427 1295 ne
448 1231 541 1298 latius
564 1231 624 1297 hoc
647 1232 738 1298 vobis
760 1240 869 1315 patere
892 1233 1047 1313 videatur,
1078 1232 1159 1298 haec

65 1345 97 1392 00
117 1333 286 1400 dumtaxat
308 1335 342 1398 in
366 1335 495 1401 Graecis
517 1336 676 1420 intellego,
701 1355 783 1417 quae
806 1337 864 1421 ipsi
890 1339 943 1420 qui
967 1337 1160 1420 sculpserunt

117 1439 286 1504 voluerunt
320 1439 413 1521 volgo
450 1439 602 1524 intellegi.
660 1439 693 1503 in
731 1438 935 1524 philosophos
972 1447 1095 1507 vestros
1132 1439 1158 1505 si
1179 1461 1210 1509 01

118 1541 244 1623 quando
268 1540 369 1605 incidi
391 1540 543 1627 deceptus
564 1542 723 1608 indicibus
744 1542 904 1626 librorum,
928 1545 1071 1628 quisunt
1093 1544 1160 1608 fere

117 1645 262 1730 inscripti
297 1643 338 1708 de
367 1646 463 1710 rebus
495 1647 578 1712 notis
613 1653 644 1712 et
666 1646 860 1728 inlustribus,
891 1649 932 1713 de
961 1648 1088 1728 virtute,
1120 1646 1160 1711 da

118 1748 248 1830 iustitia,
283 1748 326 1812 de
363 1748 539 1830 honestate,
577 1749 617 1814 de
651 1751 824 1834 voluptate,
862 1751 995 1816 verbum
1032 1769 1160 1832 prorsus

68 1863 99 1910 15
119 1853 238 1917 nullum
261 1852 426 1936 intelleg0;
450 1853 495 1918 ita
518 1859 591 1919 sunt
613 1855 758 1937 angustis
774 1860 805 1918 et
822 1853 955 1920 concisis
977 1851 1160 1936 disputatio-

118 1957 212 2022 nibus
234 1955 370 2038 inligati.
416 1963 527 2040 poetas
550 1957 678 2022 omnino
701 1957 793 2040 quasi
815 1957 878 2021 alia
894 1955 1032 2039 quadam
1051 1954 1161 2038 lingua

118 2060 239 2125 locutos
262 2080 328 2125 non
351 2080 445 2125 conor
467 2061 634 2145 attingere.
681 2080 752 2125 oum
774 2060 825 2125 his
847 2080 908 2141 me,
939 2064 974 2122 ut
1003 2057 1082 2139 dixi,
1106 2058 1160 2122 ob-

117 2163 199 2228 lecto
222 2163 278 2246 qui
300 2182 352 2227 res
374 2170 480 2246 gestas
510 2171 566 2228 aut
595 2165 752 2229 orationes
784 2163 976 2247 scripserunt
1005 2180 1079 2226 suas
1102 2169 1157 2226 aut

119 2267 173 2349 qui
195 2267 242 2330 ita
264 2266 444 2348 loquuntur,
468 2273 503 2332 ut
525 2267 694 2333 videantur
716 2267 853 2332 voluisse
877 2286 946 2332 esse
973 2265 1074 2345 nobis,
1106 2264 1159 2346 qui

66 2385 102 2433 20
120 2391 183 2435 000
214 2389 323 2435 sumus
364 2370 584 2451 eruditissimi,
625 2370 806 2435 familiares.
853 2371 911 2436 sed
943 2370 1018 2435 illuc
1047 2351 1214 2473 το010οιὲζ

118 2474 279 2539 videtisne
303 2479 455 2555 quantum
477 2494 592 2540 munus
613 2475 653 2540 sit
669 2473 800 2539 oratoris
815 2472 971 2540 historia?
993 2473 1080 2539 haud
1096 2473 1161 2538 scio

120 2597 162 2641 an
185 2577 318 2641 flumine
340 2577 490 2642 orationis
514 2583 545 2643 01
567 2578 722 2643 varietate
745 2577 937 2662 maximum
962 2597 1066 2658 neque
1089 2597 1161 2642 eam

120 2681 242 2764 reperio
264 2699 400 2761 usquam
424 2681 595 2764 separatim
619 2681 806 2746 instructam
827 2681 988 2746 rhetorum
1013 2698 1161 2764 praecep·

120 2784 177 2868 tis3
201 2783 264 2849 sita
291 2790 365 2848 sunt
395 2785 479 2848 enirn
509 2793 583 2851 ante
613 2785 729 2850 oculos.
775 2804 850 2848 nam
881 2785 950 2867 quis
978 2783 1080 2848 nescit
1102 2781 1162 2866 pri-

68 2901 102 2950 00
121 2907 205 2952 marn
229 2906 299 2952 esse
321 2885 472 2952 historiae
494 2888 607 2972 legem,
631 2907 672 2953 00
696 2886 772 2969 quid
794 2885 867 2952 falsi
889 2887 994 2952 dicere
1022 2885 1161 2952 audeat?

121 2990 239 3056 deinde
261 3011 303 3055 00
328 2990 404 3072 quid
426 2991 493 3055 veri
516 3013 579 3057 non
602 2990 743 3056 audeat?
767 3010 808 3054 ne
833 3011 914 3073 quae
937 2990 1073 3075 suspicio
1089 3007 1158 3074 gra·

123 3095 185 3159 tiae
209 3095 250 3160 sit
272 3095 306 3158 in
330 3094 527 3160 scribendo?
551 3116 591 3160 00
614 3115 696 3178 quae
719 3094 913 3159 simultatis?
935 3093 1016 3159 haec
1040 3093 1213 3162 0011100100

122 3197 332 3263 fundamenta
355 3205 430 3262 nota
450 3205 523 3262 sunt
539 3199 693 3264 omnibus.
732 3197 803 3280 ipsa
817 3205 924 3262 autem
941 3196 1161 3262 exaedificatio

123 3303 226 3386 posita
248 3308 297 3368 est
318 3301 352 3366 10
374 3303 470 3367 rebus
493 3309 525 3366 et
547 3303 662 3368 verbis.
707 3320 811 3366 rerum
826 3301 906 3367 ratio
927 3300 1071 3366 ordinem
1086 3306 1162 3364 tem-

71 3421 234 3490 soporum
264 3405 434 3488 desiderat,
465 3407 631 3491 regionum
665 3404 928 3489 descriptionem
959 3404 1025 3469 volt
1055 3403 1162 3486 etiarn,

123 3511 271 3592 quoniam
300 3511 334 3574 in
364 3510 460 3575 rebus
495 3511 620 3595 magnis
652 3507 866 3589 memoriaque
896 3507 1002 3591 dignis
1032 3505 1164 3571 consilia

127 3615 272 3698 primum,
296 3613 413 3678 deinde
435 3618 517 3694 acta,
541 3621 652 3698 postca
674 3616 807 3676 eventus
831 3615 1048 3694 expectentur,
1073 3608 1164 3682 etde

126 3719 264 3785 consiliis
287 3716 460 3800 significari
483 3716 560 3798 quid
582 3717 715 3800 scriptor
730 3712 843 3795 probet
859 3714 938 3776 etin
953 3712 1049 3776 rebus
1064 3711 1164 3794 gestis

125 3821 279 3888 declarari
312 3839 376 3885 non
407 3819 508 3884 solum
539 3819 615 3899 quid
647 3822 754 3881 actum
787 3819 843 3876 aut
877 3812 996 3878 dictum
1028 3813 1079 3894 sit,
1107 3812 1165 3878 sed
