2834 4110
290 165 352 226 124
500 180 614 233 LIBER
632 180 668 233 11.
700 178 781 233 OAP.
795 182 907 235 50-51.
937 183 952 243 ξ
970 180 1116 233 202-206.

286 354 485 439 principium,
510 353 543 417 di
562 353 765 432 immortales,
782 351 854 416 fuit!
873 351 926 433 qui
942 351 1043 430 timor,
1060 369 1142 432 quae
1158 348 1325 428 dubitatio,

288 465 406 539 quanta
428 456 595 522 haesitatio
618 462 799 537 tractusque
815 455 1002 518 verborum!
1027 459 1062 518 ut
1077 459 1111 518 tu
1128 451 1205 517 illud
1225 451 1324 532 initio,

288 561 372 641 quod
384 559 440 624 tibi
457 579 555 624 unum
570 559 612 622 ad
627 556 856 640 ignoscendum
873 556 1016 622 homines
1031 556 1161 637 dabant,
1177 556 1323 622 tenuisti:

287 670 319 728 te
341 685 398 748 pro
420 663 547 730 homine
570 661 805 746 pernecessario
829 666 994 741 quaestore
1009 659 1115 725 dicere
1138 661 1206 724 tuo!
1231 679 1325 741 quam
1406 685 1407 720 1

215 790 269 838 203
287 767 345 832 tibi
367 769 502 851 primum
525 765 653 830 munisti
669 765 710 829 ad
725 771 757 829 te
772 763 965 829 audiendum
981 764 1074 828 viam.
1114 783 1189 828 ecce
1208 768 1324 844 autem,
1349 783 1370 829 5

288 891 359 935 oum
382 876 413 934 te
436 869 515 934 nihil
537 868 624 934 aliud
647 869 819 952 profecisse
842 867 1011 932 arbitrarer
1033 867 1094 932 nisi
1124 874 1159 930 ut
1182 865 1326 932 homines

287 973 346 1038 tibi
379 973 481 1037 civem
511 973 690 1056 improbum
720 971 906 1036 defendenti
937 970 1166 1055 ignoscendum
1196 975 1328 1054 propter
1406 997 1407 1026 1

287 1075 553 1140 necessitudinem
575 1075 813 1156 arbitrarentur,
836 1093 963 1158 serpere
985 1075 1106 1138 occulto
1130 1073 1263 1156 coepisti
1284 1110 1326 1118 -

288 1178 442 1243 nihildum
464 1179 534 1244 aliis
557 1178 801 1263 suspicantibus,
826 1197 876 1242 me
899 1197 974 1242 vero
996 1177 1061 1242 iam
1079 1177 1327 1260 pertimescente
1406 1187 1407 1244 ἶ

288 1320 330 1328 -
352 1288 387 1345 ut
409 1283 494 1345 illam
516 1303 580 1347 non
603 1282 745 1346 Norbani
769 1281 966 1362 seditionem,
991 1280 1045 1346 sed
1066 1282 1176 1366 populi
1191 1279 1327 1345 Romani
1350 1301 1389 1348 10

287 1385 484 1449 iracundiam
506 1406 610 1466 neque
634 1405 703 1451 eam
732 1385 890 1466 iniustam,
919 1384 976 1450 sed
1003 1386 1149 1450 meritam
1175 1405 1214 1450 ao
1242 1384 1327 1450 debi-
1406 1409 1407 1476 f

287 1494 352 1552 tam
375 1487 473 1553 fuisse
495 1473 693 1554 defenderes.
740 1487 856 1553 deinde
887 1488 941 1570 qui
970 1490 1058 1552 locus
1087 1508 1107 1552 a
1135 1494 1167 1553 te
1190 1494 1329 1572 praeter·
1406 1541 1407 1544 ,

287 1591 402 1657 missus
425 1599 473 1657 est
495 1592 528 1657 in
552 1592 768 1676 Caepionem?
791 1598 826 1657 ut
848 1599 882 1657 tu
904 1592 959 1656 illa
981 1593 1087 1656 onmia
1109 1590 1181 1657 odio
1204 1589 1330 1656 invidia

287 1694 502 1762 misericordia
524 1695 692 1761 miscuisti!
717 1715 822 1777 neque
845 1695 925 1760 haee
947 1696 1049 1760 solum
1071 1695 1105 1759 in
1128 1694 1327 1775 defensione,

288 1799 463 1864 sedetiam
492 1799 525 1863 in
556 1801 672 1864 Scauro
703 1799 879 1882 ceterisque
909 1800 989 1864 meis
1019 1799 1161 1880 testibus,
1194 1819 1329 1880 qnorum
1351 1827 1384 1872 15

287 1903 469 1969 testimonia
491 1924 555 1969 non
578 1902 762 1984 refellendo,
787 1903 844 1968 sed
867 1903 909 1966 ad
932 1902 1068 1966 eundem
1097 1901 1251 1985 impetum
1274 1923 1328 1986 po·
1406 1983 1407 1986 Ἴ

218 2006 352 2089 scopuli
376 2007 587 2091 confugiendo
609 2007 761 2071 refutasti.
801 2026 969 2088 quaecum
993 2008 1050 2071 abs
1073 2012 1104 2071 te
1127 2005 1221 2070 modo
1245 2027 1329 2070 com-

287 2117 545 2192 memorarentur,
581 2110 728 2193 equidem
762 2110 848 2174 nulle
881 2116 1052 2194 praecepta
1085 2109 1327 2195 desiderabam

287 2213 388 2296 ipsam
416 2220 523 2278 tamen
549 2215 642 2278 istam
672 2213 971 2278 demonstrationem
1004 2212 1225 2278 defensionum
1260 2220 1329 2278 tua-

287 2337 355 2379 rum
381 2313 449 2402 [abs
477 2323 508 2381 te
540 2318 609 2400 ipso
640 2315 925 2405 commemoratam]
954 2316 1129 2382 doctrinam
1160 2337 1231 2382 esse
1262 2337 1382 2389 1101100

287 2419 477 2484 mediocrem
501 2416 599 2504 puto'
644 2414 751 2502 ‘atqui
776 2422 803 2485 si
826 2421 871 2485 ita
893 2417 1007 2505 placet'
1030 2420 1133 2502 inquit
1152 2415 1329 2486 ‘trademus

288 2521 383 2586 etiam
407 2543 487 2604 quae
510 2542 568 2587 nos
592 2523 681 2604 sequi
703 2524 735 2587 in
761 2524 896 2589 dicendo
919 2543 1063 2606 quaeque
1079 2524 1217 2588 maxime
1239 2543 1329 2608 spec-

287 2631 354 2689 tare
377 2625 521 2690 solemus.
568 2624 674 2691 docuit
698 2628 783 2691 enim
806 2629 869 2692 iam
893 2647 951 2692 nos
974 2629 1069 2710 longa
1091 2625 1158 2691 vita
1185 2647 1328 2710 ususque

286 2748 389 2793 rerum
413 2730 632 2812 maximarum,
656 2738 690 2796 ut
715 2731 829 2814 quibus
851 2732 945 2796 rebus
968 2731 1066 2796 animi
1081 2731 1245 2795 hominum
1262 2753 1329 2797 mo·

287 2839 436 2898 verentur
457 2841 645 2900 teneremus.
1348 2859 1380 2907 25

217 2923 268 3044 {315
391 2937 546 3019 Equidem
562 2940 698 3022 primum
714 2938 912 3004 considerare
928 2940 1013 3004 soleo
1028 2939 1205 3022 postuletne
1217 2958 1326 3004 eausa.

287 3061 360 3105 nam
384 3051 486 3122 neque
509 3043 616 3125 parvis
638 3043 672 3108 in
695 3043 789 3108 rebus
812 3041 1012 3106 adhibendae
1029 3048 1101 3106 sunt
1119 3042 1181 3106 hae
1196 3041 1328 3107 dicendi

286 3143 373 3210 faces
396 3165 499 3227 neque
521 3146 567 3210 ita
589 3147 736 3211 animatis
763 3145 953 3225 hominibus
981 3151 1016 3208 ut
1042 3145 1121 3209 nihil
1147 3143 1188 3208 ad
1216 3165 1327 3211 eorum

286 3254 410 3313 mentes
438 3249 578 3314 oratione
608 3249 783 3314 flectendas
806 3249 958 3333 prolicere
992 3249 1159 3332 possimne,
1194 3269 1235 3313 ne
1270 3257 1326 3316 aut

286 3353 436 3441 inrisione
459 3359 513 3417 aut
536 3353 608 3418 odio
630 3353 720 3436 digni
743 3358 897 3436 putemur,
922 3353 949 3418 si
972 3358 1026 3416 aut
1048 3352 1228 3435 tragoedias
1251 3373 1325 3437 aga·
1345 3377 1378 3424 30

286 3477 356 3522 mus
383 3451 431 3521 in'
447 3456 541 3539 nugis
572 3462 627 3520 aut
658 3457 834 3522 convellere
864 3455 1044 3521 adoriamur
1074 3476 1112 3521 ea
1145 3475 1226 3538 quae
1260 3477 1325 3523 non

217 3584 267 3635 noo
286 3561 409 3645 possint
442 3560 642 3625 commoveri.
689 3560 751 3623 iam
787 3560 935 3642 quoniam
969 3559 1049 3625 haec
1087 3559 1153 3625 fere
1184 3559 1325 3627 maxime
1406 3617 1407 3662 ἱ

287 3665 415 3728 suntin
439 3661 579 3728 iudicum
608 3663 723 3728 animis
750 3669 804 3728 aut
827 3664 1017 3746 quicumque
1044 3664 1089 3729 illi
1120 3669 1211 3729 erunt
1238 3665 1325 3748 apud

287 3785 366 3847 qnos
388 3783 521 3848 agemus
544 3766 685 3830 oratione
713 3765 881 3847 molienda,
911 3786 1000 3830 amor
1027 3765 1133 3832 odium
1160 3767 1326 3834 iracundia
1406 3793 1407 3850 0

1406 3895 1407 3932 l
