2836 4114
354 199 465 253 LIBER
478 200 529 256 111.
555 199 638 254 OAP.
653 203 764 258 12-13.
789 204 929 266 §45-48.
1100 187 1160 250 181

14 392 20 453 5
107 370 262 434 Laeliam
284 408 328 418 -
350 371 474 438 facilius
498 373 584 439 enim
606 374 755 440 mulieres
785 374 999 459 incorruptam
1029 375 1163 457 antiqui-

13 482 17 495 ·
108 480 217 538 tatem
240 483 439 557 conservant,
463 476 548 558 quod
571 479 740 542 multorum
763 479 917 544 sermonis
947 485 1096 563 expertes
1124 499 1162 543 ea

107 583 232 642 tenent
253 597 386 662 semper,
418 599 500 661 quae
527 580 630 664 prima
659 579 839 646 didicerunt
869 580 992 647 -sed
1023 601 1094 646 eam
1117 581 1163 646 sic

108 679 224 761 audio,
258 687 294 745 ut
323 681 468 747 Plautum
501 683 580 747 mihi
613 689 668 748 aut
699 684 858 750 Naevium
892 683 1003 749 videar
1033 682 1160 749 audire:

71 796 87 842 5
108 804 195 849 sono
218 783 287 867 ipso
310 785 397 850 vocis
419 785 465 850 ita
486 792 572 852 recto
596 792 628 851 et
651 787 787 871 simplici
810 793 868 869 est,
902 793 936 852 ut
958 786 1037 851 nihil
1060 793 1162 853 osten-

108 886 247 952 tationis
276 895 333 951 aut
362 889 546 955 imitationis
575 888 701 954 adferre
739 889 893 956 videatur.
940 911 981 956 ex
1017 911 1079 974 quo
1114 891 1160 956 sic

108 993 255 1056 locutum
291 1011 361 1057 esse
395 993 462 1059 eius
496 1000 621 1077 patrem
655 993 780 1075 iudico,
819 995 865 1061 sic
899 995 1053 1080 maiores,
1096 1015 1160 1059 non

9 1148 14 1197 Ι
110 1114 231 1179 aspere
242 1102 277 1159 ut
287 1094 341 1161 ille
353 1115 447 1178 quem
460 1096 538 1178 dixi,
555 1117 618 1162 non
631 1104 730 1179 vaste,
744 1119 808 1163 non
824 1099 951 1181 rustice,
965 1120 1028 1165 non
1044 1098 1159 1181 hiulce,

9 1216 13 1241 ¹
112 1197 176 1264 sed
209 1219 318 1282 presse
352 1206 383 1265 et
417 1201 626 1283 aequabiliter
659 1209 691 1267 et
724 1202 847 1268 leniter.
899 1224 964 1286 qua
996 1225 1031 1270 re
1066 1205 1161 1270 Cotta
1180 1214 1214 1262 46

58 1313 90 1361 11
112 1308 234 1383 noster,
257 1303 347 1369 cuius
369 1310 404 1369 tu
426 1304 481 1369 illa
502 1305 577 1386 lata,
594 1304 724 1390 Sulpici,
748 1327 812 1371 non
828 1327 1003 1390 numquam
1018 1307 1161 1402 imitaris,

10 1440 13 1467 t
111 1413 151 1470 ut
173 1406 244 1470 Iota
266 1406 403 1472 litteram
425 1408 518 1473 tollas
542 1414 573 1472 ct
594 1408 859 1493 Eplenissimum
874 1409 973 1493 dicas,
997 1433 1061 1477 non
1083 1410 1161 1475 mihi

10 1536 14 1569 r
112 1516 256 1576 oratores
289 1511 453 1594 antiquos,
494 1511 551 1578 sed
581 1532 738 1578 messores
767 1514 894 1580 videtur
927 1509 1066 1580 imitari'
1110 1514 1163 1579 hic

9 1578 14 1621 Ι
114 1634 191 1678 cum
211 1612 376 1680 adrisisset
397 1615 467 1699 ipse
496 1615 664 1699 Sulpicius,
696 1609 754 1681 ‘sic
785 1639 880 1702 agam
910 1618 1085 1684 vobiscum'
1117 1618 1161 1681 in·

115 1717 187 1799 quit
208 1717 342 1783 Crassus
365 1722 418 1799 ‘ut,
443 1717 594 1801 quoniam
616 1739 668 1783 me
690 1720 776 1802 loqui
798 1719 953 1799 voluistis,
976 1718 1098 1801 aliquid
1121 1718 1161 1784 de

61 1832 93 1878 15
115 1820 232 1886 vestris
270 1820 357 1886 vitiis
390 1822 549 1888 audiatis?
595 1823 727 1888 ‘utinam
763 1824 919 1906 quideml’
955 1822 1057 1905 inquit
1091 1821 1160 1905 ille,

9 1910 15 1992 i
115 1924 160 1989 'id
185 1924 269 1988 enim
291 1923 395 2008 ipsum
418 1926 573 2006 volumus,
597 1924 693 2009 idque
716 1927 743 1992 si
765 1927 889 2007 feceris,
913 1926 1022 2006 multa,
1054 1931 1089 1990 ut
1115 1947 1161 1990 ar·

10 2050 14 2075 ·
113 2028 225 2107 bitror,
248 2026 301 2092 hic
323 2027 418 2094 hodie
441 2029 520 2093 vitia
542 2034 717 2112 ponemus?
757 2034 800 2095 ‘at
816 2030 902 2096 enim
917 2050 982 2094 non
1005 2029 1074 2094 sine
1090 2049 1161 2094 meo
1180 2040 1213 2087 41

9 2124 15 2219 ’,
113 2131 267 2215 periculo’
291 2131 425 2197 Crassus
439 2131 543 2214 inquit
560 2137 709 2216 possum,
726 2133 856 2218 Sulpici,
872 2138 904 2198 te
919 2132 1161 2217 reprehendere,
1251 2133 1257 2142 '

10 2254 13 2263 ’
115 2233 268 2318 quoniam
291 2235 449 2300 Antonius
471 2234 550 2299 mihi
572 2240 604 2301 te
627 2237 822 2302 simillimum
846 2235 928 2301 dixit
951 2237 1013 2302 sibi
1039 2235 1161 2302 videri!

9 2324 18 2403 i
62 2350 95 2399 ao
114 2345 185 2402 tum
207 2336 277 2402 ille:
310 2341 353 2402 ‘tu
382 2358 469 2419 vero,
501 2337 587 2419 quod
616 2341 740 2404 monuit
768 2339 854 2405 idem
882 2345 917 2404 ut
948 2359 986 2405 ea
1016 2358 1098 2422 quae
1128 2339 1162 2402 in

115 2459 244 2522 quoque
268 2439 409 2506 maxima
440 2448 548 2506 essent
577 2442 789 2528 imitaremur;
822 2462 862 2508 ex
883 2461 956 2525 quo
989 2460 1100 2507 vereor
1121 2461 1163 2507 ne

115 2543 198 2608 nihil
220 2543 282 2609 sim
304 2543 351 2609 tui
373 2544 436 2610 nisi
460 2544 697 2629 supplosionem
719 2544 812 2629 pedis
834 2546 977 2612 imitatus
1008 2552 1039 2611 et
1061 2565 1164 2630 pauca

115 2645 277 2729 quaedam
301 2647 400 2712 verba
422 2653 454 2711 et
476 2647 625 2730 aliquem,
649 2648 677 2713 si
691 2648 783 2730 forte,
799 2654 940 2715 motum'
988 2655 1073 2732 ‘ergo
1093 2650 1162 2714 ista*

7 2720 13 2839 i
116 2751 222 2832 inquit
246 2750 379 2816 Crassus
411 2754 502 2832 ‘quae
532 2750 633 2816 habes
660 2771 680 2815 a
710 2772 762 2817 me
791 2772 856 2816 non
886 2752 1095 2836 reprehendo,
1123 2772 1164 2817 111
1247 2785 1249 2790 ⁴

6 2880 17 2966 p
65 2866 98 2914 aa
117 2873 171 2918 me
193 2854 299 2938 ipsum
321 2852 479 2918 inrideam
503 2891 544 2900 -
568 2859 641 2920 sunt
663 2861 770 2920 autem
794 2875 832 2920 ea
855 2856 953 2922 multo
976 2863 1008 2922 11
1022 2856 1112 2939 plura
1133 2861 1165 2921 et

118 2957 240 3023 maiora
275 2976 370 3038 quam
400 2955 481 3021 dicis
511 2995 552 3004 -
576 2977 658 3039 quae
680 2965 787 3022 autem
812 2965 885 3024 sunt
915 2965 970 3024 aut
993 2965 1048 3023 tua
1070 2960 1165 3044 plane

119 3067 175 3125 aut
196 3058 375 3125 imitatione
399 3078 441 3123 ex
463 3061 570 3143 aliquo
593 3080 755 3144 expressa,
779 3059 819 3125 de
842 3061 893 3126 his
916 3068 958 3143 te,
982 3062 1009 3127 si
1033 3063 1087 3143 qui
1114 3082 1165 3126 me
1236 3127 1239 3138 ,

119 3163 201 3229 sorte
223 3165 313 3229 locus
335 3161 545 3244 admonuerit,
562 3164 778 3230 commonebo.
816 3171 1053 3248 praetereamus
1069 3165 1166 3247 igitur
1183 3135 1218 3256 i}

120 3273 293 3351 praecepta
315 3266 430 3332 Latine
453 3266 614 3350 loquendi,
639 3287 722 3350 quae
745 3268 876 3352 puerilis
898 3268 1042 3335 doctrina
1069 3265 1165 3330 tradit

7 3356 12 3417 Ι
69 3383 102 3431 ao
121 3376 152 3435 et
174 3370 320 3437 subtilior
342 3370 481 3452 cognitio
504 3391 542 3436 ac
565 3370 645 3436 ratio
667 3371 842 3436 litterarum
873 3371 929 3435 alit
959 3377 1014 3435 aut
1037 3389 1165 3434 consue-

5 3438 12 3527 ,
121 3472 197 3539 tudo
222 3473 377 3539 sermonis
401 3472 552 3538 cotidiani
574 3493 613 3538 ac
637 3473 812 3554 domestici,
835 3473 907 3537 libri
930 3472 1118 3538 confirmant
1135 3479 1166 3539 et

6 3560 11 3603 ¹
121 3577 215 3642 lectio
246 3583 390 3643 veterum
418 3582 577 3642 oratorum
608 3583 639 3641 et
668 3583 842 3661 poetarum.
888 3595 992 3658 neque
1023 3597 1099 3642 vero
1133 3577 1166 3640 in

4 3674 9 3747 Ι
121 3681 174 3746 1110
197 3681 297 3746 altero
329 3679 448 3745 diutius
478 3698 716 3761 commoremur,
747 3685 782 3744 ut
816 3679 1016 3763 disputemus
1051 3680 1166 3762 quibus

123 3785 218 3850 rebus
241 3783 375 3866 adsequi
398 3783 557 3867 possimus
583 3790 618 3846 ut
649 3803 687 3848 ea
710 3801 793 3865 quae
816 3780 959 3847 dicamus
981 3783 1165 3866 intellegan-

9 3246 14 3277 1
