2866 4110
304 204 346 266 42
523 220 635 273 LIBER
655 220 676 273 Ι.
707 219 784 273 CAP.
799 221 909 279 38-39.
940 224 954 282 ξ
974 221 1118 273 172-176.

303 400 425 459 ceteros
448 414 524 458 vero
546 413 611 458 non
634 391 786 456 dubitabo
808 391 944 474 primum
967 391 1099 473 inertiae
1127 390 1339 478 condemnare

237 523 283 570 173
303 497 461 564 sententia
483 517 564 576 mea,
587 502 659 579 post
681 495 777 559 etiam
792 493 1017 578 impudentiae.
1060 515 1135 558 nam
1151 494 1285 560 volitare
1306 497 1339 559 in

303 600 379 682 foro,
403 601 534 665 haerere
557 601 590 663 in
620 600 689 664 iure
716 618 753 661 ao
777 604 955 681 praetorum
979 597 1199 679 tribunalibus,
1223 598 1340 664 iudicia
1408 662 1410 666 .

303 705 428 789 privata
451 723 637 786 magnarum
659 695 763 766 rerum
787 702 884 781 obire,
909 702 942 764 in
965 701 1078 782 quibus
1102 721 1197 785 saepe
1220 702 1339 766 nonde

303 806 398 888 facto,
423 805 479 872 sed
503 805 542 871 de
570 806 730 887 aequitate
757 825 795 869 ac
823 805 890 869 iure
918 811 1062 886 certetur,
1093 806 1212 869 iactare
1243 826 1278 870 se
1306 807 1375 871 ins

304 911 407 976 causis
430 911 718 992 centumviralibus,
742 910 775 972 in
792 909 905 990 quibus
921 909 1149 992 usucapionem
1172 910 1338 974 tutelarum

303 1013 516 1098 gentilitatum
538 1013 744 1097 agnationum
766 1012 971 1077 adluvionum
992 1012 1274 1078 circumluviouum
1289 1033 1340 1077 ne·

303 1138 415 1183 xorum
459 1117 687 1200 mancipiorum
724 1117 879 1200 parietum
916 1117 1071 1181 luminum
1112 1115 1339 1181 stillicidiorum

294 1227 563 1286 testamentorum
578 1226 739 1304 ruptorum
749 1225 809 1296 *aut
825 1225 964 1284 ratorum
980 1227 1216 1300 ceterarumque
1236 1241 1340 1285 rerum

303 1324 580 1389 innumerabilium
603 1324 671 1387 iura
693 1328 868 1403 versentur,
893 1343 963 1386 cum
988 1323 1115 1387 omnino
1138 1321 1214 1404 quid
1239 1343 1339 1406 suum,
1362 1340 1395 1385 10

267 1502 269 1506 ⁸
303 1428 379 1509 quid
395 1428 543 1507 alienum,
562 1447 623 1508 qua
645 1447 679 1490 11
702 1424 839 1509 denique
856 1427 934 1490 civis
949 1431 1004 1489 aut
1019 1425 1214 1509 peregrinus,
1231 1446 1341 1493 servus

302 1538 357 1595 aut
379 1531 459 1594 liber
482 1531 638 1613 quispiam
662 1529 703 1594 sit
724 1530 857 1612 ignoret,
881 1529 1015 1612 insignis
1039 1535 1086 1594 est
1113 1528 1339 1612 impudentiae.

236 1655 284 1701 rur
303 1620 356 1698 illa
378 1653 453 1698 vero
477 1632 650 1697 deridenda
672 1632 860 1716 adrogantia
882 1638 939 1713 est,
964 1632 997 1696 in
1013 1632 1187 1698 minoribus
1202 1634 1341 1717 navigiis

303 1737 413 1802 rudem
437 1757 507 1802 esse
531 1757 564 1801 se
581 1737 731 1816 confiteri,
756 1736 989 1818 quinqueremis
1012 1735 1184 1800 autetiam
1205 1738 1341 1803 maiores

302 1843 481 1926 gubernare
509 1839 665 1906 didicisse.
713 1847 746 1904 tu
773 1840 851 1904 mihi
882 1859 953 1904 oum
981 1839 1015 1903 in
1038 1840 1152 1903 circulo
1180 1838 1342 1923 decipiare
1364 1854 1398 1902 15

303 1944 476 2010 adversarii
501 1944 757 2028 stipulatiuncula
780 1950 811 2008 11
834 1964 905 2008 cum
928 1944 1078 2027 obsignes
1094 1943 1228 2007 tabellas
1249 1944 1343 2008 clien-

303 2049 343 2113 tis
366 2049 422 2129 tui,
447 2048 561 2128 quibus
584 2049 616 2111 in
639 2048 764 2113 tabellis
786 2046 820 2110 id
844 2047 883 2112 sit
907 2047 1057 2130 scriptum
1080 2066 1141 2128 quo
1164 2046 1217 2110 ille
1238 2048 1343 2130 capia·

302 2158 363 2231 tur,
387 2171 447 2234 ego
470 2150 528 2215 tibi
550 2151 647 2214 ullam
671 2169 799 2214 causam
823 2151 974 2215 maiorem
1005 2149 1263 2215 committendam
1287 2173 1343 2235 pu-

303 2255 390 2319 tem‘?
437 2254 529 2317 citius
552 2254 679 2318 hercule
710 2254 737 2317 is
768 2253 821 2334 qui
845 2252 978 2318 duorum
1002 2255 1190 2319 scalmorum
1213 2255 1345 2320 navicu-

303 2357 366 2421 lam
396 2357 429 2419 in
459 2361 552 2439 portu
584 2358 732 2421 everterit
762 2357 795 2419 in
818 2358 944 2421 Euxino
967 2364 1063 2441 ponto
1087 2359 1346 2441 Argonautarum
1367 2371 1402 2418 20

236 2478 283 2525 rus
303 2479 419 2524 navem
447 2460 640 2542 gubernarit.
688 2458 786 2540 quid?
814 2461 840 2524 si
863 2480 903 2524 ne
921 2481 1044 2543 parvae
1073 2459 1201 2542 quidem
1225 2481 1346 2528 causae

211 2578 217 2585 “
304 2568 386 2642 sunt,
411 2561 584 2644 sedsaepe
607 2562 778 2642 maximae,
801 2563 833 2626 in
855 2564 970 2645 quibus
992 2570 1128 2629 certatur
1151 2563 1191 2628 de
1210 2565 1281 2629 iure
1304 2566 1347 2630 ci-

303 2666 368 2746 vili,
387 2664 471 2747 quod
487 2664 617 2728 tandem
639 2686 675 2730 os
698 2672 746 2730 est
769 2666 837 2731 eius
860 2667 984 2750 patroni
1008 2668 1062 2748 qui
1084 2666 1126 2731 ad
1150 2687 1204 2732 eas
1227 2688 1348 2734 causas

303 2770 372 2834 sine
402 2770 466 2833 ulla
496 2767 630 2833 scientia
659 2769 736 2833 iuris
769 2769 866 2833 audet
899 2769 1078 2834 accedere?
1123 2789 1205 2852 quae
1238 2773 1349 2855 potuit

303 2873 399 2956 igitur
422 2891 491 2938 1111
520 2891 615 2936 causa
643 2872 742 2936 maior
770 2893 864 2954 quarn
891 2873 974 2937 illius
1005 2853 1168 2960 militis?s
1180 2872 1220 2937 de
1251 2875 1348 2940 cuius
1370 2884 1405 2932 25

302 2983 401 3041 morte
430 2971 501 3040 oum
529 2973 656 3039 domum
683 2974 781 3050 falsus
808 2977 848 3040 ab
878 2976 1019 3040 exercitu
1047 2976 1176 3041 nuntius
1198 2979 1350 3044 venisset

303 3086 334 3144 et
357 3086 447 3162 pater
471 3077 538 3142 eius
561 3099 594 3143 re
618 3077 738 3142 credita
760 3084 985 3143 testamentum
1007 3085 1161 3144 mutasset
1190 3085 1222 3143 et
1246 3102 1350 3162 quem

303 3182 332 3247 ei
355 3183 458 3247 visum
486 3187 570 3246 esset
592 3180 721 3246 fecisset
743 3180 893 3245 heredem
921 3188 1068 3263 essetque
1095 3182 1165 3265 ipse
1187 3189 1349 3266 mortuus,

303 3285 408 3351 delata
430 3306 481 3350 res
504 3290 552 3350 est
574 3284 616 3348 ad
640 3284 862 3366 centumviros,
886 3305 955 3349 cum
980 3285 1070 3350 miles
1098 3285 1226 3349 domum
1254 3307 1350 3352 reve-

302 3390 401 3454 nisset
425 3389 605 3472 egissetque
627 3389 699 3472 lege
722 3388 754 3452 in
777 3387 986 3452 hereditatem
1001 3394 1167 3472 paternam
1188 3427 1231 3434 —
1247 3397 1351 3455 testa·
1374 3398 1409 3445 30

302 3499 409 3558 mento
432 3492 567 3557 exheres
589 3492 684 3556 filius!
731 3511 846 3575 nempe
868 3491 901 3554 in
925 3511 964 3555 ea
986 3512 1083 3556 causa
1098 3491 1278 3573 quaesitum
1296 3499 1352 3558 est

302 3595 342 3659 de
372 3596 440 3659 iure
471 3595 573 3659 civili:
605 3603 754 3680 possetne
783 3600 985 3677 paternorum
1014 3595 1168 3658 bonorum
1205 3595 1353 3660 exheres

243 3783 246 3790 .
303 3717 373 3763 esse
395 3698 488 3777 filius,
513 3719 605 3780 quem
621 3706 711 3783 pater
726 3702 916 3764 testamento
938 3716 1042 3776 neque
1064 3696 1214 3762 heredem
1235 3717 1352 3780 neque

202 3879 205 3884 ,
234 3791 283 3912 137²}
303 3800 496 3865 exheredem
520 3803 695 3898 scripsisset
711 3798 921 3866 nominatim?
945 3797 1045 3878 quid?
1069 3818 1132 3879 qua
1152 3799 1192 3864 de
1208 3821 1242 3864 re
1257 3801 1353 3865 inter
