2834 4110
297 181 337 244 16
445 175 452 180 ’
538 196 706 251 1111111.
742 196 915 282 1111-1
952 199 1096 261 sar-ac.

294 367 423 456 igiturl'
439 371 569 453 inquam
585 365 1192 455 ι1111111111111111111111111111111
1209 369 1338 452 quando

295 475 492 540 amicorum?
516 475 642 558 quando
666 475 780 538 tuum?
808 474 935 556 quando
959 473 1096 556 denique
1123 473 1203 538 nihil
1227 468 1339 558 agesl'

295 585 362 643 tum
385 578 464 643 illud
484 577 596 643 addidi
619 570 706 641 ‘mihi
731 577 815 642 enim
838 578 919 642 liber
942 597 1011 642 esse
1038 597 1103 642 non
1130 576 1258 642 videtur
1285 577 1339 658 qui

296 703 359 748 non
390 682 561 765 aliquando
592 681 672 745 nihil
706 676 794 765 agit.²
838 681 872 745 in
903 701 965 764 qua
994 701 1178 766 permaneo,
1214 681 1338 761 Catule,

297 787 454 852 sententia
477 806 600 868 meque,
625 806 696 850 cum
724 785 786 850 huc
809 786 893 866 veni,
917 785 978 850 hoc
1000 786 1104 870 ipsum
1133 785 1213 850 nihil
1241 795 1367 869 ageret

244 898 328 955 1111
349 892 445 974 plane
468 910 592 956 cessare
615 890 760 982 delectat.
807 911 882 954 nam
912 889 997 972 quod
1019 889 1172 954 addidisti
1198 890 1339 971 tertium,

296 1013 354 1059 vos
377 1014 447 1060 esse
470 1015 524 1060 eos
548 995 602 1076 qui
624 994 724 1058 vitam
746 994 912 1059 insuavem
941 994 1010 1058 sine
1036 993 1086 1058 his
1109 992 1224 1058 studiis
1251 999 1341 1077 puta-

296 1098 381 1178 retis,
413 1097 446 1162 id
475 1117 527 1162 me
556 1118 619 1162 non
649 1097 743 1163 modo
774 1119 837 1162 non
861 1098 1004 1162 hortatur
1033 1097 1075 1162 ad
1098 1096 1339 1181 disputandum,

297 1201 354 1266 sed
376 1202 473 1267 etiam
496 1202 641 1268 deterret.
688 1223 762 1266 nam
785 1209 821 1266 ut
843 1203 878 1267 C.
895 1201 1035 1267 Lucilius
1051 1201 1145 1266 homo
1167 1200 1283 1266 doctus
1308 1207 1340 1266 et

296 1306 494 1390 perurbanus
524 1305 629 1370 dicere
661 1306 784 1371 solebat
813 1326 852 1371 ea
882 1326 964 1388 quae
995 1306 1146 1371 scriberet
1173 1325 1281 1388 neque
1305 1325 1340 1370 se
1358 1321 1384 1368 ro

296 1409 337 1472 ab
365 1408 591 1475 indoctissimis
620 1429 724 1491 neque
758 1431 778 1474 a
811 1410 1002 1476 doctissimis
1035 1409 1099 1494 legi
1129 1409 1222 1490 velle,
1255 1409 1340 1491 quod

296 1513 385 1578 alteri
407 1512 487 1577 nihil
514 1513 745 1596 intellegerent,
769 1515 860 1578 alteri
889 1514 961 1597 plus
984 1513 1119 1579 fortasse
1151 1533 1247 1594 quam
1270 1513 1341 1597 ipse
1415 1587 1416 1592 ἵ

296 1653 339 1664 -
361 1615 401 1680 de
424 1636 486 1698 quo
510 1616 605 1681 etiam
630 1616 756 1701 scripsit
778 1608 933 1682 ‘Persium
956 1637 1020 1681 non
1036 1636 1110 1681 curo
1130 1610 1249 1700 legere'
1274 1615 1342 1700 (hic

296 1720 356 1785 fuit
379 1720 485 1801 enim,-
498 1728 532 1785 ut
555 1739 713 1802 noramus,
738 1721 878 1784 omnium
894 1719 961 1784 lere
977 1725 1154 1786 nostrorum
1175 1719 1341 1784 hominum

296 1823 521 1909 doctissimus),
545 1817 698 1889 ‘Laelium
713 1824 891 1889 Decumum
907 1817 990 1887 volo'
1006 1825 1115 1906 (quem
1131 1823 1340 1907 cognovimns
1361 1839 1386 1886 11

296 1930 399 1994 virum
433 1929 552 1994 bonum
584 1935 616 1994 et
649 1949 713 1994 non
746 1929 962 2010 inlitteratum,
997 1925 1055 1993 sed
1088 1926 1168 1991 nihil
1193 1927 1239 1991 ad
1268 1929 1341 1992 Per·

296 2033 390 2117 sium)
417 2058 474 2097 -:
508 2021 556 2098 sic
579 2053 647 2117 ego,
671 2033 698 2098 si
721 2033 785 2096 iam
808 2031 886 2095 mihi
910 2030 1138 2115 disputandum
1161 2031 1202 2096 sit
1225 2031 1268 2096 de
1289 2032 1341 2098 his

294 2137 410 2202 nostris
433 2136 556 2216 studiis,
580 2137 677 2201 nolim
701 2135 849 2218 equidem
875 2134 962 2218 apud
984 2134 1128 2214 rusticos,
1159 2134 1218 2199 sed
1240 2137 1340 2201 multo

295 2241 400 2305 minus
415 2239 502 2323 apud
517 2260 589 2323 vos3
606 2241 688 2304 malo
705 2241 790 2304 enim
805 2259 868 2303 non
884 2238 1026 2322 intellegi
1042 2238 1218 2302 orationem
1234 2260 1340 2304 meam
1415 2299 1416 2310 ,

244 2316 277 2434 2⁷5
296 2362 392 2424 quam
414 2338 627 2424 reprehendi.³
672 2349 738 2406 tum
762 2343 880 2407 Caesar
895 2334 1066 2424 ‘equidem’
1085 2342 1188 2424 inquit
1204 2334 1339 2424 ‘Catule
1358 2357 1388 2404 1ο

296 2445 360 2509 iam
390 2444 468 2508 mihi
498 2443 608 2528 videor
639 2465 775 2509 navasse
804 2465 933 2530 operam
964 2445 1049 2528 quod
1082 2445 1145 2510 huc
1179 2447 1339 2530 venerim3

297 2568 372 2612 nam
395 2547 474 2611 haee
501 2548 574 2631 ¹ipsa
604 2548 759 2613 recusatio
790 2548 1013 2634 disputationis
1043 2548 1215 2633 disputatio
1247 2570 1341 2633 quae·

298 2651 371 2716 dam
402 2650 462 2715 fuit
484 2651 563 2715 mihi
586 2651 714 2733 quidem
736 2653 941 2736 periucunda.
988 2653 1046 2719 sed
1069 2673 1124 2717 cur
1148 2653 1341 2736 impedimus

297 2756 500 2821 Antonium?
523 2756 612 2820 ouius
635 2756 730 2822 audio
754 2776 824 2822 esse
847 2757 946 2841 partis
976 2763 1011 2821 ut
1034 2756 1075 2822 de
1098 2763 1163 2822 tota
1193 2757 1342 2841 eloquen-

296 2860 342 2924 tia
364 2859 509 2941 disserat,
534 2880 690 2943 quemque
713 2862 776 2926 iam
806 2859 927 2926 dudum
951 2867 982 2925 et
1005 2861 1099 2926 Cotta
1124 2867 1157 2926 et
1179 2861 1341 2946 Sulpicius
1361 2882 1391 2929 11

245 2982 278 3030 11
298 2959 479 3049 expectat?²
511 2955 581 3048 ‘ego
610 2964 696 3031 vero'
726 2965 829 3046 inquit
859 2966 993 3031 Crassus
1024 2957 1139 3047 ‘neque
1165 2964 1341 3031 Antonium

295 3069 429 3133 verbum
451 3066 558 3132 facere
581 3069 685 3153 patiar
708 3075 739 3134 et
762 3069 831 3154 ipse
864 3063 1092 3149 obmutescam,
1123 3068 1186 3134 nisi
1208 3070 1299 3153 prius
1321 3089 1342 3132 a

297 3172 388 3237 vohis
410 3170 591 3257 impetraro'
614 3210 657 3220 -
681 3169 877 3253 ‘quidnam?'
899 3172 1003 3255 inquit
1034 3172 1174 3238 Catulus.
1219 3165 1267 3238 ‘ut
1289 3173 1342 3237 hia

297 3277 366 3343 sitis
388 3271 505 3342 hodie?
550 3283 627 3358 tum,
652 3297 723 3341 cum
754 3276 807 3341 ille
837 3275 1006 3357 dubitaret,
1039 3267 1123 3358 quod
1146 3275 1188 3340 ad
1210 3276 1343 3342 fratrem

298 3381 499 3465 promiserat,
540 3374 623 3465 ‘ego'
656 3380 760 3462 inquit
795 3379 895 3445 111111
933 3372 1001 3464 ‘pro
1038 3385 1173 3462 utroque
1213 3400 1344 3465 respon·
1364 3401 1397 3448 eo

298 3482 371 3547 deo:
404 3485 449 3548 sic
479 3483 650 3569 faciemus3
681 3491 777 3565 atque
808 3484 869 3548 ista
900 3483 1028 3565 quidem
1058 3482 1262 3566 condicione,
1292 3483 1344 3549 vel

246 3592 333 3651 1111
361 3589 495 3651 verbum
525 3587 646 3651 nullum
676 3587 813 3667 faceres,
845 3605 896 3650 me
928 3582 1075 3650 teneres.³
1124 3585 1176 3651 hic
1212 3587 1344 3652 Catulus

302 3686 468 3752 1111111111
498 3689 596 3758 simul¹
621 3683 786 3774 ‘praecisa'
811 3687 914 3770 inquit
941 3681 1029 3752 ‘mihi
1060 3687 1188 3770 quidem
1217 3687 1345 3755 111111-

298 3789 420 3870 bitatio,
445 3791 593 3873 quoniam
627 3811 731 3873 neque
765 3790 850 3856 domi
880 3790 1071 3872 imperaram
1106 3798 1137 3856 et
1166 3791 1229 3873 hio,
1257 3793 1346 3879 apud
