2866 4110
309 189 351 252 22
539 205 651 259 LIBER
669 206 690 259 I.
728 205 809 290 OAP.
824 207 933 263 19-20.
970 210 984 270 ἓ
1003 208 1114 262 87-91,

309 386 475 464 cognosset
498 381 525 445 is
544 380 597 461 qui
620 379 739 444 diceret
761 386 837 461 quot
860 380 960 444 modis
983 379 1146 445 hominum
1167 386 1291 445 mentes
1314 385 1344 443 et

309 484 423 566 quibus
451 491 482 548 et
505 503 567 566 quo
589 502 706 566 genere
730 483 880 549 orationis
902 483 936 547 in-
958 503 1116 565 quamque
1138 489 1261 566 partem
1285 504 1344 547 mo·
1413 519 1414 536 1

310 593 473 671 verentur3
497 586 576 650 haec
599 593 705 650 autem
730 605 799 650 esse
821 587 948 670 penitus
961 586 1004 650 in
1027 585 1133 650 media
1148 585 1346 669 philosophia
1412 543 1415 640 i

309 697 431 755 retrusa
453 696 548 771 atque
577 689 696 770 abdita,
721 708 813 770 quae.
833 689 886 754 isti
915 687 1056 754 rhetores
1086 708 1127 752 ne
1157 689 1346 772 primoribus
1413 709 1418 800 p

217 840 222 852 .
258 792 439 876 sequidem
454 791 551 858 labris
566 793 756 876 attigissent.
785 812 824 856 ea
838 791 1043 856 Menedemus
1067 792 1222 875 exemplis
1245 794 1374 876 magist
1417 849 1418 852 ,

309 883 404 977 qnam
433 896 629 978 argumentis
660 883 832 959 conabatur
857 894 1009 960 refellere.
1055 895 1235 959 memoriter
1263 896 1347 960 enim

309 1000 407 1062 multa
434 1019 475 1064 ex
502 998 696 1064 orationibus
717 996 925 1063 Demostheni
951 998 1113 1081 praeclare
1140 997 1258 1081 scripta
1282 1019 1348 1082 pro·

309 1102 461 1167 nuntians
485 1101 620 1167 docebat
642 1101 785 1166 illumin
808 1101 923 1166 animis
938 1102 988 1165 vel
1012 1099 1150 1165 iudicum
1166 1102 1218 1164 vel
1240 1101 1348 1185 populi

309 1205 343 1269 in
365 1226 491 1270 omnem
513 1211 635 1289 partem
659 1202 793 1269 dicendo
816 1203 1038 1288 permovendis
1061 1224 1124 1268 non
1144 1203 1242 1268 fuisse
1262 1205 1349 1287 igna-

311 1330 381 1373 rum
412 1309 527 1391 quibus
557 1328 596 1372 ea
623 1309 718 1373 rebus
749 1313 1003 1389 consequeretur,
1027 1327 1109 1389 quae
1136 1313 1269 1390 negaret
1296 1308 1348 1372 ille
1367 1321 1390 1368 10

258 1385 297 1506 {3
314 1413 383 1478 sine
405 1411 604 1496 philosophia
626 1431 815 1493 quemquam
837 1430 931 1476 nosse
954 1430 1056 1494 posse.
1084 1409 1159 1474 huic
1181 1410 1349 1492 responde-

315 1516 369 1581 bat
399 1535 464 1579 non
493 1535 528 1581 se
551 1535 669 1598 negare
691 1514 938 1580 Demosthenem
965 1533 1121 1578 summam
1148 1511 1351 1596 prudentiam

312 1638 529 1700 summamque
551 1617 616 1682 vim
638 1617 788 1683 habuisse
811 1617 947 1698 dicendi,
972 1617 1028 1682 sed
1056 1616 1124 1682 sive
1145 1616 1199 1680 ille
1221 1615 1282 1680 hoc
1306 1617 1350 1680 in-

311 1722 406 1806 genio
433 1721 586 1806 potuisset
612 1721 746 1802 sive,'id
769 1707 853 1805 quod
879 1727 1047 1802 constaret,
1071 1719 1212 1784 Platonis
1234 1719 1351 1784 studio-

311 1845 364 1890 sus
386 1825 538 1891 audiendi
559 1825 681 1908 fuisset,
702 1845 765 1890 non
789 1823 864 1908 quid
881 1824 934 1889 ille
950 1822 1112 1908 potuisset,
1129 1821 1186 1888 sed
1202 1821 1280 1904 qnid
1295 1823 1347 1888 isti
1367 1842 1391 1890 15

257 1944 290 1991 oo
310 1928 460 1995 docerent
481 1949 551 1995 esse
574 1929 797 2012 quaerendum.
836 1949 942 2012 saepe.
956 1928 1052 1991 etiam
1074 1926 1107 1990 in
1130 1946 1201 1990 eam
1223 1931 1348 2008 partem

310 2031 471 2097 ferebatur
498 2033 647 2114 oratione,
671 2040 706 2097 ut
735 2032 862 2098 omnino
893 2031 1068 2114 disputaret
1097 2029 1215 2093 nnllam
1246 2036 1348 2094 artem

311 2157 381 2202 esse
411 2135 555 2220 dicendi3
584 2135 681 2218 idque
708 2156 779 2201 cum
806 2133 1002 2218 argumentis
1024 2131 1174 2196 docuerat
1197 2170 1240 2178 -
1263 2133 1349 2215 quod

309 2239 354 2303 ita
384 2239 452 2303 nati
480 2257 631 2318 essemus,
654 2245 689 2303 ut
720 2245 751 2302 et
780 2235 916 2301 blandiri
943 2235 989 2298 eis
1012 2233 1167 2297 subtiliter
1189 2254 1210 2297 a
1233 2236 1349 2317 quibus

312 2348 395 2407 esset
417 2339 590 2425 petendum
613 2347 643 2404 et
673 2339 873 2404 adversarios
902 2335 1067 2400 minaciter
1098 2342 1214 2403 terrere
1243 2359 1349 2422 posse·
1365 2358 1393 2406 10

312 2464 383 2509 mus
409 2451 441 2508 et
466 2463 533 2507 rem
559 2449 683 2526 gestam
710 2460 870 2524 exponere
894 2447 925 2504 et
947 2439 981 2503 id
1004 2438 1088 2522 quod
1110 2439 1348 2508 intenderemus

309 2547 494 2612 confirmare
517 2554 549 2612 et
565 2543 618 2633 [id]
636 2543 720 2628 qnod
743 2551 852 2608 contra
874 2543 1030 2609 diceretur
1051 2542 1204 2624 refellere,
1228 2544 1271 2608 ad
1295 2566 1349 2611 ex-

309 2655 443 2716 tremum
473 2649 636 2734 deprecari
665 2646 787 2730 aliquid
816 2654 848 2712 et
875 2648 1033 2729 conqueri,
1058 2647 1172 2729 quihus
1194 2648 1226 2710 in
1250 2649 1349 2715 rebus

310 2753 413 2818 omnis
434 2760 592 2818 oratorum
614 2757 793 2816 versaretur
815 2749 966 2835 facultas,
991 2757 1022 2816 et
1044 2750 1130 2834 quod
1152 2753 1349 2820 consuetudo

310 2857 557 2938 exercitatioque
577 2862 608 2920 et
630 2853 836 2937 intellegendi
858 2855 1058 2938 prudentiam
1080 2859 1207 2919 acueret
1231 2860 1262 2918 et
1285 2856 1348 2922 elo
1366 2877 1395 2925 as

310 2960 428 3042 quendi
458 2959 650 3025 celeritatem
680 2958 891 3023 incitaret-
913 2966 979 3023 tum
1010 2959 1106 3023 ctiam
1129 2958 1349 3040 ,exemplorum

257 3077 288 3123 er
310 3064 401 3148 copia
422 3064 589 3129 nitebatur.
632 3081 707 3126 nam
730 3061 865 3146 primum
889 3063 979 3144 quasi
1003 3059 1110 3126 dedita
1131 3081 1227 3144 opera
1250 3064 1349 3128 nemi-

309 3187 382 3232 nem
412 3166 595 3251 scriptorem
624 3166 701 3231 artis
730 3186 772 3230 ne
801 3164 1000 3230 mediocriter
1033 3163 1159 3246 quidem
1195 3162 1349 3233 disertum

311 3269 409 3335 fuisse
431 3269 567 3352 dicebat,
584 3290 655 3334 cum
678 3274 833 3353 repeteret
856 3289 955 3351 usque
978 3288 999 3331 a
1014 3269 1131 3333 Corace
1154 3268 1260 3332 nescio
1286 3290 1348 3352 quo

310 3379 341 3438 et
361 3373 458 3455 Tisia,
482 3392 560 3456 quos
582 3373 659 3439 artis
681 3373 764 3437 illius
791 3373 974 3437 inventores
1002 3377 1033 3434 et
1059 3369 1219 3455 principes
1246 3370 1397 3443 fuissem

310 3483 484 3561 constaret;
514 3476 787 3560 eloquentissimos
813 3481 919 3538 autem
946 3472 1100 3554 homines,
1128 3474 1181 3556 qui
1202 3474 1264 3540 ista
1287 3497 1350 3544 neo

307 3580 492 3646 didicissent
507 3601 567 3646 nec
581 3582 709 3647 omnino
726 3580 807 3646 scire
822 3584 994 3657 curassent,
1004 3577 1242 3643 innumerabilis
1255 3597 1351 3660 quos-

306 3683 382 3748 dam
412 3685 604 3750 nominabat.
650 3686 683 3750 in
710 3683 825 3767 quibus
855 3682 950 3746 etiam
973 3717 1015 3726 -
1038 3680 1105 3744 sive
1127 3680 1180 3744 ille
1202 3681 1349 3752 inridens

307 3787 375 3852 sive
405 3786 490 3871 quod
519 3789 563 3854 ita
581 3777 717 3874 'putaret
747 3792 842 3867 atque
865 3785 910 3848 ita
931 3781 1073 3847 audisset
1098 3819 1137 3830 -—
1160 3783 1266 3847 mein
1291 3786 1348 3855 illo
