2866 4110
309 202 351 265 64
525 217 638 272 nisus
656 219 678 272 1.
709 216 916 273 caess-59.
947 219 1124 281 salu-250.
1156 285 1159 290 ,

308 390 538 475 persuadendo,
561 412 626 458 non
649 391 743 454 minis
765 397 797 455 et
820 391 851 454 vi
866 409 905 454 ac
920 397 1005 454 metu
1021 389 1111 454 tradi.
1150 410 1226 454 nam
1243 391 1347 475 ipsum

308 495 437 576 quidem
459 493 537 560 illud
560 495 655 559 etiam
678 494 747 558 sine
763 494 943 577 cognitione
957 493 1042 574 iuris,
1060 513 1155 574 quam
1171 493 1212 557 sit
1228 495 1348 559 bellum

239 615 290 664 243
309 618 422 663 cavere
445 598 572 680 malum,
597 597 676 662 scire
699 616 873 680 possumus.
921 596 961 660 de
983 616 1035 660 me
1057 601 1163 660 autem
1186 597 1269 680 ipsc,
1299 598 1348 662 oui

308 703 363 767 uni
386 709 420 766 tu
443 699 590 766 concedis
613 707 647 765 ut
670 699 738 765 sine
761 701 825 764 ulla
847 699 923 764 iuris
946 699 1079 764 scientia
1106 705 1214 764 tamen
1243 702 1348 766 causis

309 806 386 870 satis
408 803 513 868 lacere
535 804 663 888 possim,
694 803 752 868 tibi
774 802 844 884 hoc,
876 802 997 883 Crasse,
1025 800 1212 887 respondeo,
1242 820 1376 887 neques

308 929 360 972 me
381 928 532 989 umquam
554 909 603 972 ius
626 907 719 972 civile
742 905 890 972 didicisse
913 928 1017 989 neque
1032 913 1139 971 tamen
1162 906 1196 971 in
1220 907 1261 972 iis
1277 927 1348 973 cau-
1417 929 1418 956 θ

310 1013 353 1076 sis
376 1031 455 1093 quas
477 1012 510 1075 in
532 999 599 1076 iure
622 1030 747 1094 possem
770 1009 942 1076 defendere
964 1030 1114 1092 umquam
1129 1010 1224 1075 istam
1249 1012 1349 1076 scien-

309 1115 386 1178 tiam
410 1113 615 1179 desiderasse.
661 1113 748 1178 aliud
763 1119 811 1178 est
826 1113 911 1179 enim
927 1134 996 1179 csse
1012 1114 1165 1178 artificem
1181 1114 1349 1180 cuiusdam

309 1219 437 1302 generis
466 1224 561 1300 atquc
591 1217 678 1297 artis,
702 1215 789 1281 aliud
819 1217 852 1281 in
877 1217 1035 1282 communi
1063 1218 1130 1281 vita
1161 1223 1192 1281 et
1222 1218 1348 1302 volgari
1418 1279 1419 1282 ,

239 1334 290 1381 249
309 1320 473 1386 hominum
496 1318 723 1384 consuetudine
745 1340 808 1383 non
822 1319 972 1397 hebetem
987 1340 1047 1384 nec
1062 1319 1182 1384 rudem.
1224 1322 1276 1385 cui
1296 1343 1350 1388 no·
1368 1334 1395 1381 10

307 1431 408 1488 'strum
432 1421 517 1508 [non]
547 1423 620 1488 licet
642 1421 756 1487 fundos
786 1430 908 1488 nostros
938 1424 1026 1488 obire
1056 1430 1110 1488 aut
1139 1443 1190 1488 res
1213 1426 1350 1490 rusticas

310 1526 362 1591 vel
384 1526 504 1591 fructus
527 1546 622 1590 eausa
637 1527 688 1590 vel
704 1525 922 1592 delectationis
937 1527 1098 1592 invisere?
1113 1532 1229 1593 tamen
1254 1549 1349 1594 nemo

311 1637 375 1694 tam
398 1629 466 1694 sinc
488 1629 596 1710 oculis,
620 1635 685 1692 tam
716 1629 784 1693 sine
813 1637 920 1695 mente
950 1630 1039 1711 vivit,
1061 1637 1098 1694 ut
1124 1629 1201 1711 quid
1232 1632 1274 1696 sit
1304 1652 1351 1697 se-

310 1733 425 1797 mentis
447 1752 485 1796 ac
507 1732 628 1814 messis,
653 1731 728 1814 quid
750 1733 897 1796 arborum
920 1733 1042 1816 putatio
1068 1752 1107 1796 ac
1133 1733 1257 1815 vitium,
1287 1755 1351 1817 quo

310 1843 450 1920 tempore
477 1836 553 1900 anni
583 1841 638 1900 aut
670 1856 731 1918 quo
761 1835 854 1900 modo
884 1857 923 1901 ca
953 1836 1030 1900 fiant
1058 1836 1186 1901 omnino
1214 1840 1348 1904 neseiat.
1371 1851 1401 1899 rs

311 1960 387 2004 num
409 1940 514 2023 igitur,
538 1940 565 2004 si
581 1939 634 2020 qui
649 1937 767 2004 fundus
782 1938 998 2022 inspiciendus
1012 1947 1068 2004 aut
1083 1940 1109 2004 si
1129 1940 1352 2007 mandandum

310 2043 431 2126 aliquid
453 2043 645 2128 procuratori
668 2043 709 2107 de
724 2043 792 2125 agri
808 2043 928 2106 cultura
943 2049 998 2108 aut
1017 2043 1238 2128 imperandum
1255 2047 1352 2113 vilico

311 2147 360 2227 sit,
384 2147 527 2229 Magonis
554 2145 826 2229 Carthaginiensis
849 2153 922 2210 sunt
943 2147 1015 2211 libri
1044 2145 1270 2230 perdiscendi?
1307 2171 1352 2215 an

311 2249 371 2313 hac
394 2249 551 2313 communi
572 2249 789 2332 intellegentia
812 2249 951 2313 contenti
974 2269 1043 2314 esse
1065 2251 1255 2333 possumus?
1295 2273 1351 2317 cur

312 2371 386 2435 ergo
409 2372 473 2416 non
495 2350 580 2415 idem
606 2351 639 2415 in
662 2353 729 2416 iure
752 2352 846 2431 civili,
874 2353 1059 2435 praesertim
1091 2373 1163 2417 cum
1184 2355 1218 2419 in
1243 2357 1350 2421 causis
1371 2367 1405 2414 ao

312 2454 398 2518 etin
421 2454 557 2536 negotiis
580 2460 611 2518 et
633 2455 666 2518 in
688 2454 755 2519 foro
779 2462 984 2538 conteramur,
1009 2456 1085 2520 satis
1107 2456 1251 2521 instructi
1279 2479 1351 2525 esse

310 2576 477 2640 possumus
506 2557 547 2621 ad
575 2556 635 2623 hoc
656 2557 832 2638 dumtaxat,
864 2579 905 2623 ne
932 2559 964 2622 in
992 2566 1099 2623 nostra
1125 2560 1230 2643 patria
1261 2582 1353 2645 pere-

241 2668 291 2715 250
311 2660 394 2744 grini
417 2666 512 2742 atque
534 2658 679 2725 advenae
702 2680 772 2725 esse
795 2659 981 2725 videamur?
1012 2681 1051 2725 ac
1073 2662 1099 2725 si
1114 2662 1178 2725 iam
1195 2663 1235 2726 sit
1251 2683 1353 2730 causa

311 2763 418 2844 aliqua
439 2761 481 2826 ad
503 2781 561 2826 nos
583 2761 689 2827 delata
715 2763 885 2843 obscurior,
916 2761 1056 2844 difficile,
1084 2763 1187 2844 credo,
1212 2766 1254 2830 sit
1278 2787 1353 2832 oum
1408 2748 1413 2753 ’

311 2865 372 2930 hoc
383 2866 536 2932 Scaevola
547 2866 791 2949 communicare;
808 2886 1000 2947 quamquam
1016 2867 1076 2950 ipsi
1092 2868 1198 2932 omnia
1214 2889 1353 2950 quorum
1374 2883 1412 2930 25

311 2969 473 3052 negotium
496 2975 543 3033 est
565 2969 708 3033 consulta
730 2968 772 3031 ad
795 2989 852 3033 nos
876 2977 906 3034 et
929 2970 1087 3052 exquisita
1110 2954 1267 3037 deserunt.
1308 2995 1352 3039 an

311 3092 397 3153 vero,
421 3073 448 3137 si
471 3071 511 3136 de
532 3093 567 3136 re
590 3072 669 3155 ipsa,
686 3071 712 3136 si
728 3069 769 3134 de
784 3071 910 3153 finibus,
928 3094 999 3138 cum
1015 3074 1047 3137 in
1063 3094 1130 3138 rem
1145 3083 1353 3157 praesentem

313 3174 396 3264 [non]
420 3177 574 3256 venimus,
599 3175 625 3240 si
648 3174 688 3239 de
715 3175 831 3240 tabulis
858 3182 890 3241 et
919 3177 1199 3261 perscriptionibus
1228 3189 1353 3246 contro

311 3280 415 3345 versia
449 3286 506 3359 est,
540 3283 699 3343 contortas
732 3297 783 3343 res
813 3285 844 3342 et
874 3298 969 3362 saepe
1000 3279 1138 3344 difficilis
1169 3286 1354 3350 necessario

311 3383 535 3468 perdiscinrus3
560 3382 585 3446 si
608 3382 695 3464 leges
710 3382 802 3448 nobis
817 3387 872 3446 aut
887 3384 913 3447 si
936 3382 1098 3448 hominum
1117 3385 1292 3467 peritorum
1308 3409 1356 3453 re·
1377 3405 1421 3453 30

312 3507 429 3570 sponsa
444 3484 664 3570 cognoscenda
676 3493 757 3566 sunt,
770 3505 916 3550 veremur
928 3506 969 3550 ne
981 3505 1028 3567 ea,
1042 3486 1068 3550 si
1080 3488 1120 3552 ab
1132 3475 1356 3555 adulescentia

311 3590 371 3654 iuri
394 3589 480 3654 civili
502 3589 606 3654 minus
629 3588 850 3669 studuerimus,
869 3609 933 3652 non
958 3609 1109 3670 queamus
1132 3594 1355 3674 cognoscere?

252 3690 288 3744 59
416 3690 545 3755 Nihilne
567 3691 663 3774 igitur
685 3691 814 3774 prodest
836 3692 950 3754 oratori
973 3691 1049 3756 iuris
1067 3693 1168 3756 civilis
1191 3695 1355 3762 scientia?

313 3814 377 3859 non
403 3814 531 3856 nussum
558 3814 675 3877 negare
701 3793 852 3877 prodesse
886 3793 981 3856 ullam
1012 3794 1175 3858 seientiam
1205 3797 1234 3860 ei
1263 3820 1357 3883 prae-
