2836 4114
325 224 439 280 LIBER
452 224 503 279 111.
528 224 610 278 oar.
624 228 735 281 53-55.
760 229 933 290 snos-ros.
1089 210 1154 273 225
1182 229 1183 233 ¹

117 400 268 482 inductio,
284 400 336 466 vel
350 401 572 486 gravissimum
587 401 694 466 lumen
710 401 865 486 augendi;
882 401 1061 485 descriptio,
1075 420 1153 466 erro

117 505 160 570 ris
181 504 333 586 inductio,
356 504 397 569 ad
420 505 612 570 hilaritatem
634 505 790 590 impulsio,
806 505 1063 589 anteoccupatio;
1087 511 1154 568 tum

4 619 5 624 ’
118 606 179 674 duo
202 608 258 672 illa
280 627 361 690 quae
384 609 524 674 maxime
539 615 682 690 movent,
706 607 876 674 similitudo
900 615 932 673 et
954 607 1153 692 exemplum;

119 711 254 795 digestio
276 712 487 797 interpellatio
519 713 679 779 contentio
709 713 874 778 reticentia
905 711 1153 794 commendati03

4 863 5 882 r
83 823 181 880 bvox
216 815 372 898 quaedam
406 817 506 882 libera
538 823 634 899 atque
669 817 765 882 etiam
799 817 980 908 effrenatior
1016 813 1155 899 augendi

119 939 229 1004 oausa3
264 919 429 985 iracundia
457 920 634 1005 obiurgatio
664 921 830 1005 promissio
858 918 1038 1005 deprecatio
1068 920 1155 984 obse·

4 1021 5 1080 ἶ
119 1023 215 1088 oratio
238 1022 407 1088 declinatio
431 1023 537 1090 brevis
559 1045 580 1088 a
601 1025 770 1109 proposito,
794 1045 859 1090 non
880 1031 916 1088 ut
938 1024 1081 1109 superior
1101 1021 1155 1086 illa

4 1159 5 1176 ι
119 1125 281 1210 digressio,
315 1127 461 1211 purgatio
497 1127 675 1193 conciliatio
708 1128 806 1194 laesio
838 1128 957 1213 optatio
985 1133 1080 1210 atque
1104 1145 1156 1190 ex-

4 1277 6 1328 ,
119 1230 243 1296 coratio.
289 1229 339 1295 his
369 1230 436 1297 fere
469 1231 640 1296 luminibus
676 1232 845 1297 inlustrant
878 1231 1051 1296 orationem
1085 1249 1153 1294 sen·

4 1363 5 1382 r
67 1341 101 1388 10
119 1335 245 1400 tentiae.
292 1334 441 1401 orationis
464 1340 570 1400 autem
599 1335 699 1420 ipsius
728 1341 891 1417 tamquam
917 1355 1075 1400 armorum
1107 1339 1155 1398 est
1175 1306 1225 1427 ,5046

4 1483 5 1496 ,
120 1438 170 1502 vel
192 1437 235 1502 ad
256 1457 350 1502 usum
373 1439 574 1504 comminatio
604 1445 636 1504 et
659 1440 749 1521 quasi
780 1439 890 1524 petitio
913 1439 965 1503 vel
996 1437 1037 1502 ad
1060 1457 1155 1503 venu-

120 1547 234 1606 statem
256 1542 327 1626 ipsa
349 1544 503 1609 tractatio.
543 1564 618 1608 nam
642 1549 673 1608 et
687 1543 861 1628 geminatio
876 1545 1045 1610 verborum
1060 1541 1158 1608 habet

4 1669 5 1676 ¹
119 1644 276 1710 interdum
298 1647 374 1727 vim,
396 1646 536 1731 leporem
558 1647 647 1727 alias,
672 1653 703 1712 et
725 1648 855 1731 paulum
870 1648 1070 1711 immutatum
1093 1665 1158 1710 ver-

4 1797 6 1824 ,
120 1749 195 1813 bum
228 1755 324 1830 atque
358 1749 518 1815 deflexum
552 1756 584 1815 et
617 1750 759 1816 eiusdem
792 1751 882 1816 verbi
913 1751 1024 1816 crebra
1046 1757 1158 1814 tuma

4 1879 7 1926 t
69 1868 104 1915 ro
121 1853 221 1936 primo
244 1853 398 1936 repetitio,
422 1860 488 1919 tum
511 1855 544 1919 in
567 1860 744 1918 extremum
768 1855 932 1921 conversio
949 1855 1028 1920 etin
1045 1854 1158 1920 eadem

121 1957 218 2022 verba
240 1957 377 2041 impetus
400 1964 431 2022 et
454 1959 615 2023 concursio
639 1963 669 2022 et
692 1957 853 2023 adiunctio
877 1965 909 2024 et
931 1959 1111 2042 progressio
1128 1964 1159 2022 et
1264 2023 1265 2027 ,

4 2053 6 2084 ²
121 2061 262 2127 eiusdem
285 2061 374 2127 verbi
398 2062 538 2128 crebrius
560 2062 654 2147 positi
677 2061 834 2144 quaedam
864 2061 1025 2128 distinctio
1055 2069 1087 2126 et
1113 2083 1158 2128 re-

121 2166 245 2231 vocatio
275 2166 364 2231 verbi
394 2172 426 2230 et
456 2166 511 2230 illa
541 2186 621 2248 quae
655 2166 797 2231 similiter
819 2165 969 2232 desinunt
998 2173 1054 2230 aut
1077 2186 1158 2247 quae

4 2271 6 2370 l
122 2269 239 2334 cadunt
263 2268 407 2334 similiter
436 2275 491 2335 aut
522 2289 604 2350 quae
632 2270 761 2354 paribus
790 2270 880 2355 paria
902 2269 1080 2335 reseruntur
1102 2275 1157 2334 aut

4 2407 5 2446 ι
68 2387 105 2434 20
122 2395 203 2457 quac
226 2381 300 2439 sunt
321 2374 403 2440 inter
425 2393 460 2440 se
483 2373 606 2438 similia.
653 2379 700 2438 est
724 2374 818 2438 etiam
833 2372 978 2456 gradatio
1000 2371 1158 2455 quaedam
1176 2384 1226 2431 nov

4 2463 6 2562 l
122 2483 153 2542 et
176 2478 339 2544 conversio
364 2483 395 2544 et
417 2478 583 2543 verborum
608 2477 762 2542 concinna
791 2477 999 2561 transgressio
1029 2483 1061 2541 et
1089 2497 1158 2542 con-

4 2603 6 2610 ·
122 2583 252 2647 trarium
276 2587 307 2648 et
331 2581 518 2648 dissolutum
541 2587 573 2646 et
595 2580 764 2648 declinatio
788 2588 819 2647 et
834 2580 1037 2666 reprehensio
1060 2588 1091 2646 ct
1107 2601 1159 2646 err-

122 2685 268 2751 clamatio
292 2691 323 2750 et
344 2685 523 2750 imminutio
546 2691 578 2750 et
600 2685 684 2768 quod
706 2685 740 2750 in
762 2685 869 2750 multis
885 2685 1011 2751 casibus
1033 2685 1160 2770 ponitur

123 2796 154 2854 et
178 2788 261 2871 quod
285 2788 326 2853 de
349 2788 482 2873 singulis
504 2791 599 2855 rebus
622 2789 789 2874 propositis
813 2789 942 2855 ductum
964 2789 1098 2854 refertur
1118 2787 1159 2852 ad

70 2907 104 2953 25
123 2893 247 2978 singula
271 2900 303 2958 et
324 2892 367 2957 ad
396 2893 591 2977 propositum
615 2893 757 2958 subiecta
786 2893 865 2959 ratio
888 2899 919 2957 et
942 2894 1017 2958 item
1040 2893 1074 2957 in
1099 2893 1159 2957 dis-

123 2997 248 3063 tributis
280 2997 444 3081 supposita
473 2997 552 3062 ratio
576 3002 607 3060 et
630 2997 794 3081 permissio
819 2999 995 3063 et‘rursum
1022 2997 1084 3062 alia
1107 2995 1159 3060 du-

123 3100 234 3166 bitatio
258 3108 289 3166 et
318 3101 523 3185 improvisum
553 3098 703 3181 quiddam
735 3107 766 3166 et
796 3100 1005 3167 dinumeratio
1036 3107 1068 3166 et
1096 3099 1160 3165 alia

124 3205 275 3270 correctio
299 3212 331 3269 et
353 3204 517 3288 dissipatio
541 3211 571 3270 et
595 3204 812 3269 continuatum
835 3210 866 3270 et
889 3205 1098 3289 interruptum
1128 3209 1159 3268 et

124 3309 229 3394 imago
254 3315 285 3373 et
307 3309 368 3373 sibi
391 3307 453 3393 ipsi
475 3307 637 3393 responsio
661 3313 693 3372 ct
714 3307 890 3373 immutatio
914 3314 946 3372 et
961 3307 1112 3372 diiunctio
1129 3313 1161 3372 et

70 3425 104 3473 eo
123 3413 199 3477 ordo
222 3419 254 3477 et
275 3412 386 3477 relatio
409 3417 441 3476 et
463 3411 616 3495 digressio
633 3419 664 3476 et
680 3410 935 3495 circumscriptio.
973 3411 1053 3477 haec
1075 3411 1229 3476 animnos

125 3524 197 3582 sunt
219 3515 286 3582 fere
308 3524 405 3598 atque
428 3515 538 3580 horum
563 3516 678 3581 similia
700 3516 752 3581 vel
774 3515 866 3599 plura
888 3514 983 3580 etiam
1007 3533 1077 3580 esse
1092 3535 1161 3598 pos-

125 3627 197 3686 sunt
220 3640 302 3704 quac
330 3619 494 3686 sententiis
525 3621 699 3687 orationem
729 3620 959 3701 verborumque
990 3619 1160 3685 conforma-

126 3725 264 3792 tionibus
286 3720 497 3790 inluminent'

228 3822 330 3906 ‘Quae
353 3828 480 3912 quidem
503 3835 545 3912 te,
569 3829 690 3911 Crasse,
714 3822 818 3894 video'
840 3828 942 3912 inquit
958 3831 1051 3896 Cotta
1066 3821 1161 3910 ‘quod
1186 3835 1221 3888 55

177 3941 284 3984 Ciceronis
299 3942 325 3982 dc
339 3943 422 3982 oratore
437 3940 494 3980 libri.
975 3938 1005 3985 15
