2836 4114
288 202 353 267 214
493 218 606 274 LIBER
623 218 675 273 ΠΙ.
695 218 777 275 ΟΑΡ.
794 221 906 276 42-43.
937 223 1116 285 §167—169.

332 393 441 458 Africa
463 393 595 459 terribili
617 393 722 459 tremit
743 392 871 459 horrida
894 400 980 460 terra
1002 395 1146 460 tumultu.

290 496 357 586 [pro
378 496 464 563 Afris
487 504 535 563 est
555 503 682 582 sumpta
695 497 826 586 Africal.
864 518 968 582 neque
983 498 1103 564 fantum
1119 505 1167 565 est
1182 501 1330 582 verbum,

288 609 323 666 ut
345 594 443 667 ‘mare
465 601 635 687 saxifragis
657 598 773 685 uudis‚'
796 622 900 686 neque
914 603 1114 685 translatum,
1129 609 1164 669 ut
1179 597 1333 672 ‘mollitur

289 702 397 788 mare,’
418 705 477 772 sed
491 705 624 772 ornandi
647 726 743 772 oausa
764 706 925 791 proprium
943 707 1070 792 proprio
1087 715 1331 774 commutatum:

332 811 452 893 desine,
475 812 585 893 Roma,
609 816 680 878 tuos
702 809 802 876 hostis
815 862 821 877 .
835 862 841 876 .
857 863 863 876 .
880 863 886 876 .
1351 832 1366 879 5

289 921 318 980 et

330 1023 428 1084 testes
441 1007 526 1084 ‘sunt
549 1018 661 1104 Campi
683 1019 811 1104 magni.
827 1071 854 1084 ..
871 1071 877 1084 .

288 1121 395 1206 gravis
418 1128 466 1188 est
489 1121 601 1188 modus
622 1124 655 1187 in
679 1129 789 1188 ornatu
813 1123 966 1190 orationis
981 1129 1013 1190 et
1028 1145 1124 1210 saepe
1143 1124 1332 1192 sumendus.

290 1245 331 1290 ex
354 1245 416 1308 quo
442 1245 559 1310 genere
589 1225 669 1292 haeo
695 1233 787 1292 sunt:
818 1219 965 1293 ‘Martem
992 1228 1068 1293 belli
1095 1248 1165 1295 esse
1193 1249 1334 1296 eommu-

289 1323 384 1412 nem,'
414 1322 582 1396 ‘Cererem'
612 1351 668 1415 pro
699 1330 853 1416 frugibus,
885 1325 1055 1397 ‘Liberum'
1083 1333 1246 1417 appellare
1273 1355 1334 1419 pro
1356 1351 1386 1399 10

290 1433 373 1515 vino,
401 1425 607 1518 ‘Neptunum’
634 1455 690 1519 pro
720 1435 809 1518 mari,
834 1429 975 1502 ‘auriam'
1004 1455 1061 1520 pro
1090 1443 1213 1519 senatu,
1237 1429 1335 1503 ‘oam-

289 1537 373 1623 pum'
388 1559 452 1623 *pro
476 1538 620 1620 comitiis,
644 1531 774 1623 ‘togam’
796 1559 852 1623 pro
875 1560 965 1624 paee,
992 1532 1103 1605 ‘arma'
1117 1559 1156 1605 ao
1171 1533 1257 1605 ‘tela’
1272 1563 1334 1626 pro

220 1646 269 1696 168
290 1642 380 1708 bello.
427 1663 488 1725 quo
510 1642 587 1708 item
609 1642 643 1707 in
665 1663 782 1727 genere
806 1649 838 1709 et
860 1644 993 1709 virtutes
1017 1650 1049 1708 et
1071 1644 1149 1709 vitia
1170 1665 1226 1728 pro
1250 1645 1335 1728 ipsis

289 1747 322 1812 iu
344 1747 458 1829 quibus
480 1746 535 1812 illa
557 1744 630 1812 sunt
652 1747 868 1832 appellantur:
905 1741 1057 1815 ‘luxuries
1091 1767 1186 1831 quam
1216 1748 1250 1812 in
1277 1748 1334 1816 do-

289 1870 373 1915 mum
396 1845 526 1934 inrupit>
548 1856 580 1917 et
602 1842 675 1934 ‘quo
697 1851 832 1917 avaritia
855 1848 1063 1938 penetravit5’
1085 1858 1141 1917 aut
1162 1845 1254 1917 ‘fides
1276 1873 1385 1920 rra-15

287 1955 355 2036 luit,
375 1954 496 2020 iustitia
512 1949 669 2020 oonleoit.³
712 1954 829 2021 videtis
852 1956 995 2041 profecto
1018 1975 1120 2040 genus
1135 1955 1195 2022 hoo
1216 1960 1333 2040 totum,

231 2057 234 2064 '
288 2079 359 2123 oum
388 2057 507 2124 inflexo
537 2059 764 2142 immutatoque
791 2060 889 2127 verbo
920 2081 970 2126 res
1004 2059 1119 2126 eadem
1147 2061 1335 2127 enuntiatur

288 2162 437 2228 ornatius.
484 2162 535 2228 oui
557 2169 630 2229 suut
652 2162 787 2230 finitima
810 2164 865 2229 illa
889 2165 994 2230 minus
1010 2170 1130 2245 ornata,
1148 2162 1204 2230 sed
1219 2169 1333 2230 tamen

288 2288 351 2333 uon
373 2267 560 2350 ignoranda,
592 2287 663 2333 oum
696 2269 838 2354 intellegi
872 2269 1021 2334 volumus
1054 2267 1256 2350 aliquidaut
1288 2290 1332 2335 ex

287 2379 377 2456 parte
403 2377 514 2454 totum,
541 2380 576 2438 ut
603 2393 660 2458 pro
687 2372 841 2439 aedificiis
869 2393 941 2438 oum
963 2366 1122 2457 ‘parietes'
1144 2377 1199 2437 aut
1221 2365 1332 2439 ‘teuta‘
1351 2394 1384 2441 20

288 2475 435 2562 dioimus;
474 2483 529 2542 aut
562 2499 604 2544 ex
637 2484 702 2544 toto
733 2484 865 2561 partem,
897 2483 932 2542 ut
966 2497 1038 2542 aum
1068 2497 1165 2542 unam
1191 2481 1332 2542 turmam

288 2572 472 2662 ‘equitatum
501 2582 610 2667 populi
637 2576 782 2647 Romaui’
805 2580 952 2665 dicimus5
976 2587 1031 2645 aut
1055 2600 1096 2645 ex
1118 2600 1181 2644 uno
1204 2579 1330 2664 plures:

330 2691 363 2750 at
385 2687 547 2752 Romanus
569 2685 672 2768 homo,
695 2687 865 2752 tamenetsi
887 2706 939 2752 res
961 2686 1046 2751 bene
1068 2691 1159 2770 gesta
1181 2691 1239 2766 est,

331 2789 425 2857 eorde
448 2809 505 2855 suo
529 2789 684 2876 trepidat;
710 2841 713 2849 .

287 2900 343 2959 aut
365 2914 435 2959 oum
459 2915 500 2960 ex
522 2895 666 2980 pluribus
688 2894 882 2979 intellegitur
904 2900 1019 2960 unum:
1349 2913 1381 2961 25

330 3018 389 3064 uos
412 3019 520 3064 sumus
543 2999 689 3080 Romani,
713 2998 767 3081 qui
790 2998 929 3063 iuvimus
952 3003 1029 3063 ante
1050 2995 1184 3082 Rudini;

287 3109 342 3169 aut
365 3123 562 3186 quocumque
584 3102 688 3184 modo,
712 3123 776 3168 non
799 3101 976 3167 utdiotum
1000 3107 1056 3182 est,
1087 3101 1120 3166 iu
1144 3120 1181 3165 eo
1207 3121 1329 3186 genere

219 3173 268 3296 {4539
288 3206 489 3292 intellegitur,
513 3206 570 3273 sed
592 3214 627 3272 ut
654 3227 782 3272 sensum
806 3211 862 3272 est.
913 3205 1073 3271 abutimur
1102 3225 1199 3290 saepe
1229 3207 1328 3272 etiam

288 3311 385 3377 verbo
415 3331 478 3376 non
509 3316 575 3376 tam
610 3310 772 3395 eleganter
803 3331 898 3393 quam
928 3310 962 3374 in
996 3309 1225 3392 transferendo,
1260 3309 1326 3393 sed,

261 3415 413 3480 -etiamsi
434 3415 590 3497 licentius,
614 3421 722 3480 tamen
751 3413 912 3480 interdurn
944 3433 1010 3479 non
1039 3412 1258 3500 impudenter;
1294 3421 1329 3479 ut
1347 3435 1380 3484 ao

287 3539 359 3584 oum
381 3511 556 3602 ‘grandem’
579 3519 752 3584 orationem
775 3539 832 3603 pro
855 3519 962 3602 longa,
984 3510 1162 3583 ‘minutum'
1184 3519 1328 3584 animum

287 3641 344 3705 pro
365 3641 464 3705 parvo
487 3621 629 3689 (linimus.
675 3642 785 3688 verum
806 3623 861 3688 illa
883 3623 1044 3689 videtisne
1060 3642 1208 3689 essenon
1224 3625 1326 3706 verbi,

287 3722 346 3788 sed
368 3724 526 3806 orationis,
551 3746 631 3808 quae
655 3727 870 3811 expluribus,
898 3733 932 3791 ut
957 3727 1100 3812 exposui,
1115 3727 1327 3794 translationi·

288 3825 347 3890 bus
371 3845 492 3892 conexa
515 3829 613 3893 sunt?
636 3828 716 3894 haeo
738 3836 854 3911 autem,
880 3850 962 3912 quae
984 3837 1040 3899 aut
1061 3823 1228 3896 immutata
1255 3851 1326 3900 esse
