2834 4110
285 190 348 254 112
488 208 602 262 LIBER
621 209 657 262 11.
688 208 771 262 cAP.
791 211 904 266 38-3a
936 211 950 271 ἓ
971 211 1117 264 159-162.

283 383 342 448 tori
365 388 471 448 tamen
494 389 603 466 aptum
624 403 689 447 non
712 402 782 448 esse
804 382 950 447 fateatur.
996 382 1077 448 haec
1109 383 1195 448 enim
1216 388 1324 448 nostra

283 486 382 552 oratio
405 485 615 552 multitudinis
638 492 686 551 est
707 487 836 552 auribus
851 485 1142 570 adcommodanda,
1166 486 1207 551 ad
1226 487 1327 552 oblee-

283 590 398 656 tandos
424 591 556 671 animos,
583 589 626 656 ad
651 590 869 674 impellendos,
897 589 939 656 ad
969 611 1008 656 ca
1040 591 1213 676 probanda
1243 610 1326 673 quae
1371 615 1373 617 ·

284 716 347 761 non
369 695 507 760 aurificis
530 701 658 776 statera,
682 693 739 760 sed
761 695 906 780 populari
937 695 1075 779 quadam
1104 697 1222 761 trutina
1249 714 1323 759 exa-

215 800 453 864 nominantur.
500 820 562 881 qua
584 819 618 864 re
641 800 734 864 istam
761 806 860 865 artem
889 806 987 865 totam
1018 799 1217 882 dimittimus,
1243 814 1361 881 quaes

283 905 318 968 in
341 903 561 987 excogitandis
591 904 786 988 argumentis
812 911 901 969 muta
935 904 1068 970 nimium
1096 912 1156 986 est,
1186 905 1218 968 in
1247 901 1327 967 indi-

286 1006 395 1072 candis
425 1009 557 1073 nimium
580 1009 706 1091 loquax.
753 1009 925 1074 Critolaum
952 1009 1057 1091 istum,
1082 1030 1178 1091 quem
1212 1005 1323 1094 [simul]

286 1132 356 1176 curn
379 1111 524 1196 Diogene
547 1113 673 1178 venisse
696 1133 932 1195 commemoras,
949 1120 1025 1198 puto
1041 1115 1112 1197 plus
1133 1113 1207 1178 huie
1220 1117 1327 1177 nostro

286 1214 389 1280 studio
410 1215 561 1298 prodesse
584 1217 733 1301 potuisse.
780 1225 847 1282 erat
875 1218 961 1283 enim
990 1219 1031 1282 ab
1059 1217 1122 1282 isto
1149 1216 1325 1294 Aristotele,

285 1339 305 1382 a
335 1319 423 1384 cuius
452 1319 591 1384 inventis
621 1320 679 1385 tibi
713 1340 772 1403 ego
803 1320 912 1386 videor
943 1342 1007 1386 non
1037 1322 1133 1404 longe
1169 1321 1324 1385 abenare.
1348 1333 1379 1380 10

285 1429 381 1505 atque
404 1423 489 1487 hunc
511 1423 593 1488 inter
615 1424 826 1506 Aristotelem,
850 1426 940 1491 cuius
963 1431 994 1490 et
1016 1425 1104 1489 illum
1128 1425 1192 1508 legi
1213 1425 1326 1489 librum

284 1528 318 1592 in
341 1547 402 1609 quo
426 1527 573 1610 exposuit
595 1526 722 1593 dicendi
744 1530 820 1594 artis
836 1531 978 1595 omnium
996 1529 1195 1612 superiorum
1211 1534 1242 1592 et
1256 1527 1325 1591 illos

285 1632 318 1696 in
342 1632 456 1712 quibus
483 1631 551 1715 ipse
578 1651 636 1696 sua
666 1632 824 1714 quaedam
855 1633 895 1698 de
926 1632 1040 1698 eadem
1071 1638 1139 1696 arte
1174 1632 1264 1713 dixit,
1294 1636 1326 1695 et

286 1736 343 1802 hos
365 1756 534 1819 germanos
556 1735 649 1801 huius
672 1737 748 1801 artis
771 1737 938 1820 magistros
961 1736 1021 1802 hoc
1044 1736 1131 1801 mihi·
1145 1737 1250 1802 visum
1279 1741 1327 1801 est

218 1861 221 1864 ·
285 1842 448 1922 interesse,
473 1839 556 1928 quod
582 1841 635 1905 ille
662 1839 775 1906 eadem
801 1841 871 1906 acie
898 1842 1014 1906 mentis
1041 1861 1107 1922 qua
1139 1861 1244 1906 rerum
1266 1861 1326 1905 om-
1347 1853 1374 1899 rs

287 1947 376 2010 nium
397 1945 462 2011 vim
485 1951 693 2027 naturamque
715 1943 840 2010 viderat
863 1945 943 2010 baec
958 1965 1082 2027 quoque
1099 1946 1230 2029 aspexit
1246 1965 1324 2028 quae

288 2048 330 2114 ad
360 2048 487 2114 dicendi
515 2056 626 2130 artem,
659 2069 754 2132 quam
787 2049 839 2113 ille
869 2048 1075 2132 despiciebat,
1106 2048 1324 2132 pertinebant;

288 2153 333 2218 illi
355 2159 461 2218 autem
484 2155 538 2236 qui
560 2154 620 2218 hoc
643 2154 743 2219 solum
767 2152 932 2218 colendum
956 2152 1115 2218 ducebant
1144 2152 1326 2218 habitarunt

288 2258 322 2322 in
345 2258 406 2322 hac
428 2278 492 2322 una
520 2259 641 2323 ratione
668 2256 899 2322 tractanda-
921 2277 986 2321 non
1014 2256 1127 2322 eadem
1157 2256 1325 2341 prudentia

290 2381 353 2443 qua
375 2362 437 2442 ille,
461 2361 518 2426 sed
540 2381 599 2426 usu
629 2361 662 2426 in
688 2361 749 2426 hoc
771 2380 834 2426 uno
855 2380 973 2445 genere
1003 2360 1170 2444 studioque
1198 2361 1374 2426 maiorem
1411 2355 1412 2442 l

223 2467 270 2515 1⁶1
291 2462 448 2530 Carneadi
474 2485 549 2530 vero
576 2465 626 2530 vis
659 2464 855 2530 incredibilis
886 2464 941 2528 illa
971 2463 1098 2528 dicendi
1129 2470 1161 2528 et
1190 2465 1327 2541 uarietas
1411 2447 1412 2534 }

290 2588 443 2652 perquam
470 2574 554 2633 esset
581 2568 722 2652 optanda
747 2569 860 2652 nobis;
884 2569 938 2650 qui
966 2568 1086 2634 nullam
1117 2587 1270 2649 umquam
1296 2569 1327 2632 in
1411 2549 1412 2592 ³

290 2673 352 2738 illis
375 2671 440 2738 suis
463 2671 728 2756 disputationibus
742 2693 809 2738 rem
824 2672 968 2738 defendit
983 2692 1078 2755 quam
1094 2693 1158 2737 non
1178 2672 1327 2755 probarit,
1411 2687 1412 2748 ῃ

291 2777 409 2841 nullam
431 2776 627 2860 oppugnavit
650 2797 745 2858 quam
766 2796 830 2842 non
854 2776 1011 2842 everterit.
1058 2775 1116 2842 sed
1137 2775 1199 2842 hoe
1228 2777 1328 2841 maius
1411 2783 1412 2824 l

292 2888 339 2946 est
362 2879 513 2962 quiddam
544 2900 637 2962 quarn
667 2880 708 2944 ab
738 2881 777 2946 iis
805 2881 858 2963 qui
887 2880 967 2945 haec
997 2879 1126 2944 tradunt
1156 2885 1188 2944 et
1215 2879 1328 2946 docent
1345 2894 1372 2942 25

4 3634 9 3742 l

4 3747 10 3846 l

232 3051 269 3105 ,39
291 2983 515 3070 postulandum
539 2985 588 3049 sit.

225 3084 273 3173 {52
395 3089 463 3172 Ego
485 3095 602 3173 autern,
626 3090 653 3154 si
676 3108 770 3172 quem
792 3108 877 3153 nunc
898 3087 1009 3153 rudem
1031 3088 1127 3171 plane
1148 3087 1273 3153 institui
1288 3088 1327 3153 ad
1411 3123 1412 3128 κ

292 3192 462 3258 dicendum
484 3193 590 3273 velim,
613 3192 663 3258 his
685 3192 790 3276 potius
818 3191 941 3256 tradam
971 3190 1113 3256 adsiduis
1140 3212 1203 3256 uno
1234 3213 1327 3276 opere
1411 3175 1412 3184 ἵ

292 3296 426 3364 eandem
449 3296 596 3362 incudem
619 3296 702 3361 diem
726 3302 913 3379 noctemque
936 3294 1153 3375 tundentibus,
1187 3295 1242 3376 qui
1267 3316 1326 3360 om·

292 3405 340 3469 nis
362 3403 565 3469 tenuissimas
593 3400 765 3486 particulas
794 3407 890 3483 atque
917 3399 1024 3465 omnia
1057 3399 1189 3464 minima
1218 3419 1327 3464 mansa
1342 3413 1370 3460 30

291 3513 326 3573 ut
348 3508 487 3574 nutrices
509 3506 685 3571 infantibus
711 3504 817 3588 pueris
844 3505 876 3568 in
908 3525 943 3569 os
965 3504 1117 3569 inserant.
1167 3503 1216 3567 sin
1240 3503 1281 3568 sit
1301 3504 1326 3568 is

293 3613 346 3695 qui
369 3619 400 3678 ct
423 3612 566 3679 doctrina
588 3609 666 3674 mihi
687 3609 859 3675 liberaliter
880 3607 1042 3674 institutus
1088 3613 1119 3674 et
1141 3607 1247 3689 aliquo
1267 3608 1326 3672 iam

293 3709 444 3781 imbutus
457 3737 517 3782 usu
547 3721 578 3781 et
607 3713 686 3780 satis
704 3713 780 3781 acri
810 3712 939 3796 ingenio
970 3731 1039 3776 csse
1062 3710 1218 3791 videatur,
1256 3711 1325 3776 illuc

294 3840 366 3884 eum
388 3819 509 3902 rapiam
532 3818 588 3884 ubi
609 3838 673 3884 non
696 3819 819 3884 seclusa
841 3816 948 3900 aliqua
970 3815 1061 3880 acula
1088 3820 1244 3896 teneatur,
1275 3816 1325 3882 sed
