2866 4110
304 189 347 252 44
522 205 634 258 niune
653 205 674 258 1.
705 205 788 259 cnr.
802 207 912 260 39—40.
944 187 1122 268 ereo-ree.

304 384 563 466 testamentorum
585 380 655 442 iura
670 377 854 443 defenderet
869 386 1075 462 negaretque,
1099 380 1160 444 nisi
1177 386 1335 463 postumus

305 488 335 546 et
357 488 452 548 natus
475 489 506 548 et
528 489 700 564 antequam
723 483 756 546 in
779 502 869 547 suam
891 483 1022 547 tutelam
1049 484 1172 548 veniret
1199 492 1336 550 mortuus

304 593 401 666 esset,
436 585 586 651 heredem
622 607 693 650 eum
731 606 799 651 esse
833 606 926 669 posse
961 587 1015 667 qui
1049 593 1133 651 esset
1166 587 1337 652 secundum

303 696 483 772 postumum
514 696 545 753 et
575 696 684 754 natum
716 697 747 754 et
769 697 925 754 mortuum
953 689 1045 754 heres
1072 689 1253 774 institutum
1281 712 1336 775 ego

303 798 409 856 autem
433 791 637 857 defenderem
661 813 733 858 eum
756 793 816 857 hac
839 800 905 857 turn
929 799 1034 858 mente
1056 793 1155 858 fuisse
1179 795 1232 875 qui
1249 801 1371 862 testa-o

304 901 446 959 mentum
469 895 607 976 fecisset,
631 903 675 976 ut,
699 897 727 961 si
750 896 832 962 filius
856 917 920 961 non
943 904 1027 961 esset
1050 897 1103 978 qui
1126 897 1159 961 in
1182 917 1272 962 suam
1295 906 1338 963 tu-

231 1078 234 1084 .
304 998 400 1061 telam
423 999 555 1077 veniret,
579 999 619 1062 M’
646 999 758 1064 Curius
792 1006 876 1065 esset
898 999 1007 1064 heres:
1032 1021 1108 1064 num
1123 999 1245 1065 destitit
1260 1009 1338 1066 uter-

305 1120 366 1182 que
388 1107 529 1165 nostrum
552 1103 647 1166 inea
670 1122 765 1166 eausa
787 1103 819 1166 in
843 1103 1091 1184 auetoritatibus,
1117 1104 1151 1167 in
1174 1105 1336 1188 exemplis,

303 1204 337 1267 in
360 1209 620 1269 testamentorum
644 1204 795 1285 formulis,
818 1206 878 1270 hoc
902 1206 1005 1270 estin
1028 1204 1132 1270 medio
1163 1207 1232 1270 iure
1255 1207 1338 1272 civili

304 1306 446 1371 versari?
477 1307 586 1379 omitto
613 1308 677 1371 iarn
704 1307 794 1390 plura
824 1309 970 1392 exempla
998 1329 1163 1374 causarum
1185 1311 1338 1394 amplissi-
1361 1331 1394 1378 10

304 1431 438 1490 marum,
468 1431 549 1492 quae
579 1418 652 1476 sunt
681 1411 940 1476 innumerabilia:
976 1412 1088 1496 eapitis
1117 1414 1216 1478 nostri
1244 1433 1339 1498 saepe

303 1519 408 1596 potest
429 1513 573 1578 accidere
603 1520 638 1578 ut
666 1534 780 1579 causae
807 1523 973 1580 versentur
1002 1516 1034 1579 in
1058 1516 1138 1580 iure!
1168 1517 1286 1581 etenim
1314 1520 1339 1584 si

305 1616 338 1681 O.
355 1617 547 1697 Mancinum,
570 1618 801 1684 nobilissimum
824 1624 920 1700 atque
943 1619 1094 1702 optimum
1118 1619 1220 1684 virum
1243 1628 1339 1703 atque

303 1721 510 1804 consularem,
535 1741 605 1786 cum
630 1719 723 1809 [eum]
747 1729 875 1805 propter
897 1721 1051 1787 invidiam
1073 1723 1263 1788 Numantini
1278 1725 1340 1791 foe-

302 1823 387 1889 deris
410 1832 501 1908 pater
522 1833 665 1909 patratus
688 1847 730 1890 cx
746 1827 777 1892 S.
796 1827 828 1891 Ο.
846 1827 1049 1891 Numantinis
1066 1825 1241 1892 dedidisset
1257 1849 1340 1893 eum·
1365 1847 1398 1893 15

303 1949 364 2010 que
386 1929 432 1992 illi
455 1950 519 1993 non
542 1931 736 2014 recepissent
758 1935 931 2012 posteaque
955 1930 1120 1994 Mancinus
1144 1929 1272 1996 domum
1296 1955 1342 1998 re-

301 2032 442 2096 venisset
473 2052 577 2113 neque
600 2035 633 2096 in
665 2039 809 2097 senatum
840 2032 969 2096 introire
992 2031 1177 2114 dubitasset,
1202 2035 1236 2099 Ρ.
1254 2037 1343 2102 Ruti-

301 2134 362 2204 lius
393 2136 434 2198 M.
457 2135 539 2199 tilius
567 2137 712 2201 tribunus
746 2136 847 2218 plebis
882 2136 973 2200 iussit
1008 2135 1113 2216 educi,
1149 2136 1232 2219 quod
1268 2159 1343 2203 eum

302 2237 403 2300 civem
431 2245 564 2320 negaret
592 2259 672 2318 esse,
705 2239 778 2318 quia
809 2240 961 2304 memoria
991 2240 1036 2304 sic
1060 2246 1143 2304 esset
1169 2240 1344 2324 proditum,

302 2359 395 2419 quem
418 2347 509 2422 pater
531 2360 606 2405 suus
628 2347 684 2404 aut
712 2341 846 2423 populus
869 2341 1066 2407 vendidisset
1092 2351 1147 2406 aut
1174 2351 1264 2426 pater
1289 2367 1346 2430 pa·
1368 2361 1404 2406 20

233 2449 401 2507 restratus
436 2441 619 2524 dedidisset,
651 2445 680 2507 ei
710 2445 830 2508 nullum
863 2465 932 2510 esse
966 2447 1208 2530 postliminium:
1243 2469 1347 2530 quam

306 2565 472 2629 possumus
501 2547 639 2628 reperire
670 2567 710 2610 ex
738 2548 883 2613 omnibus
909 2552 1004 2615 rebus
1034 2550 1180 2616 civilibus
1210 2571 1349 2617 causam

304 2649 599 2730 contentionemque
622 2651 773 2714 maiorem
795 2642 891 2732 quarn
918 2652 958 2716 de
982 2652 1101 2734 ordine,
1133 2653 1172 2718 de
1200 2655 1348 2737 civitate,

301 2751 341 2817 de
371 2752 526 2832 libertate,
559 2752 599 2818 de
631 2754 735 2837 capite
767 2753 904 2820 hominis
938 2756 1120 2836 consularis,
1152 2761 1351 2840 praesertim

300 2876 372 2920 cum
395 2856 475 2920 haec
503 2877 567 2921 non
597 2857 783 2922 incrimine
812 2858 927 2940 aliquo,
959 2859 1044 2941 quod
1066 2860 1119 2924 ille
1142 2866 1250 2943 posset
1274 2863 1350 2926 infi-
1373 2875 1408 2922 25

301 2960 382 3039 tiari,
407 2959 519 3024 sedin
543 2959 629 3023 civili
650 2959 719 3024 iure
742 2961 951 3026 consisteret?
976 2963 1132 3044 similique
1155 2963 1188 3026 in
1208 2983 1349 3047 genere,
1403 2951 1405 2956 ¹

299 3047 448 3127 inferiore
471 3062 590 3142 ordine,
623 3064 650 3128 si
678 3051 748 3144 quis
778 3063 863 3148 apud
891 3086 947 3130 nos
976 3067 1126 3132 servisset
1149 3086 1190 3130 ex
1221 3070 1351 3152 populo

269 3210 271 3213 ψ
299 3164 460 3231 foederato
484 3185 618 3248 seseque
640 3167 805 3232 liberasset
828 3174 859 3232 et
881 3175 991 3252 postea
1008 3168 1135 3234 domum
1151 3172 1350 3252 revenisset,

300 3271 477 3351 quaesitum
511 3277 559 3335 est
593 3269 679 3354 apud
709 3271 844 3336 maiores
874 3280 996 3337 nostros
1027 3293 1103 3337 num
1134 3274 1161 3338 is
1191 3273 1233 3337 ad
1266 3295 1352 3340 suos

230 3384 279 3434 183
299 3375 491 3456 postliminio
520 3373 655 3439 redisset
678 3381 709 3439 et
731 3375 890 3454 amisisset
912 3375 995 3439 hano
1023 3376 1191 3441 civitatem.
1240 3379 1352 3459 quid?
1377 3391 1413 3438 30

299 3476 340 3541 de
361 3478 518 3558 libertate,
553 3498 614 3558 quo
648 3476 800 3542 iudicium
827 3479 956 3560 gravius
980 3499 1050 3545 esse
1073 3480 1194 3544 nullum
1222 3488 1351 3563 potest,

300 3600 406 3644 nonne
430 3600 470 3644 ex
494 3581 561 3645 iure
585 3581 670 3645 civili
692 3587 796 3665 potest
819 3600 888 3646 esse
917 3583 1085 3663 contentio,
1114 3604 1186 3647 eum
1216 3587 1353 3664 quaeri-

299 3689 350 3746 tur
376 3683 404 3747 is
433 3684 486 3764 qui
518 3683 637 3748 domini
672 3685 835 3750 voluntate
865 3671 977 3748 cerisus
1005 3685 1045 3748 sit
1077 3686 1269 3751 continuone
1300 3709 1353 3752 an

298 3786 354 3850 nbi
377 3786 509 3850 lustrum
534 3787 573 3851 sit
596 3786 757 3852 conditum
781 3785 861 3849 liber
884 3785 947 3849 sit?
974 3787 1076 3867 qnid?
1100 3787 1184 3869 quod
1200 3808 1260 3852 usu
1278 3811 1353 3855 rne-
