2834 4110
317 167 431 220 uranu
449 167 486 220 11.
517 167 599 220 one.
613 170 655 222 cr.
685 115 866 230 saco-ara.
1054 149 1117 212 143

89 340 186 404 Asiam
207 339 402 424 praefectum
426 339 555 404 duceret
576 332 665 421 ‘quid
688 339 745 403 tibi
769 337 828 404 uis'
844 339 948 421 inquit
967 332 1114 403 insane?

88 449 166 508 tanta
179 445 331 510 malcrum
347 450 394 508 cst
411 442 576 508 multitudo
593 443 720 524 civium,
743 451 779 508 ut
801 443 859 508 tibi
883 463 942 527 ego
965 442 1025 507 hcc
1043 461 1114 506 con-

88 546 206 626 firmem,
230 549 257 612 si
280 549 401 638 Romae
422 548 587 629 manseris,
611 553 643 612 te
666 547 776 631 paucis
791 547 884 612 annis
899 546 942 610 ad
957 546 1113 610 maximas

88 652 226 733 pecunias
249 671 318 716 csse
342 647 532 716 venturum'
577 651 610 715 in
633 651 694 716 hcc
716 671 835 734 genere
850 649 992 714 Fannius
1014 649 1048 713 iu
1064 669 1116 713 an·
1135 663 1187 710 aro

59 755 201 820 anulinus
224 755 289 820 suis
312 754 497 819 Africanum
520 754 606 819 hunc
625 754 839 820 Aemilianum
859 756 1016 838 egregium
1039 752 1116 818 dicit

87 857 173 925 fuisse
203 866 234 924 et
264 879 336 925 curn
367 859 488 924 Gracco
518 861 617 924 verbo
647 859 788 943 appellat
817 857 949 943 εἰ’ρωνα;
980 856 1047 939 sed,
1070 857 1116 921 uti

86 960 180 1026 ferunt
202 963 257 1046 qui
279 963 392 1028 melius
415 962 494 1028 hacc
517 968 642 1044 norunt,
667 962 830 1028 Socratem
859 962 971 1046 opinor
998 961 1033 1026 in
1055 960 1116 1026 hac
1196 1035 1198 1040 ,

85 1066 176 1132 ironia
198 1067 492 1150 dissimulantiaque
514 1068 609 1152 longe
632 1067 740 1150 lepore
756 1072 788 1131 et
803 1066 1005 1131 humanitate
1021 1065 1118 1130 omni-

86 1169 137 1234 bus
157 1171 360 1255 praestitisse.
406 1191 509 1254 genus
532 1179 580 1236 est
602 1171 792 1254 perelegans
816 1178 848 1234 ct
873 1191 944 1236 cum
960 1170 1118 1254 gravitate

44 1284 72 1330 10
87 1273 193 1339 mlsum
217 1293 351 1356 cumque
374 1274 517 1339 oratoriis
539 1273 733 1339 dictionibus
756 1280 824 1340 tum
846 1275 979 1340 urbanis
1005 1293 1119 1338 sermo·

85 1376 168 1443 nibus
190 1377 474 1442 adcommodatum.
521 1386 552 1444 ct
582 1377 711 1442 hercule
742 1377 850 1442 omnia
880 1378 961 1444 haec
991 1397 1073 1460 quae
1100 1387 1188 1440 aarr

85 1481 188 1545 mede
210 1480 336 1546 facetiis
359 1480 560 1565 disputantur
587 1501 651 1545 non
681 1481 803 1547 maiora
832 1481 1004 1548 forensium
1027 1482 1121 1547 actiu-

84 1604 151 1648 num
180 1605 276 1667 quam
306 1583 445 1648 omnium
476 1601 657 1650 sermonum
680 1585 885 1650 condimenta
917 1593 999 1650 sunt.
1046 1606 1121 1650 nam

82 1687 155 1753 sicut
178 1688 262 1771 quod
284 1687 371 1772 apud
395 1689 548 1753 Catonem
572 1693 621 1753 est
635 1726 686 1751 .—
710 1690 765 1770 qui
788 1689 889 1754 multa
915 1689 1046 1770 rettulit,
1079 1709 1120 1752 ex
1211 1743 1214 1749 .

44 1801 68 1846 1⁵
83 1792 189 1872 quibus
211 1813 231 1856 a
254 1811 306 1856 me
330 1792 468 1876 exempli
492 1813 588 1858 causa
615 1793 768 1858 nonnulla
797 1799 958 1876 ponuntur
991 1829 1034 1838 —-
1063 1811 1121 1875 per

81 1895 151 1960 mihi
167 1895 281 1960 scitum
296 1893 431 1976 videtur,
450 1895 483 1959 Ο.
501 1894 680 1961 Publicium
696 1897 823 1961 solitum
838 1895 946 1960 dicere
963 1888 1008 1960 Ῥ.
1024 1895 1121 1959 Mum-

11 2029 12 2076 ἢ
82 1999 172 2063 mium
195 1999 297 2064 cuivis
319 1998 453 2082 tempori
476 1996 638 2063 hominem
662 1996 759 2064 csse':
784 1998 830 2064 sic
852 1998 993 2085 profecto
1014 2019 1048 2064 se
1070 2017 1121 2064 res

81 2101 179 2184 habet,
210 2103 331 2166 nullum
361 2107 396 2165 ut
426 2101 466 2166 sit
496 2103 582 2167 vitae
614 2107 740 2187 tempus
772 2095 893 2185 inquo
922 2123 985 2167 non
1009 2102 1121 2166 deceat

11 2215 13 2234 '
80 2205 212 2290 leporem
235 2204 530 2287 humanitatemque
553 2207 683 2270 versari.
731 2206 788 2272 scd
811 2206 908 2272 redeo
937 2206 980 2270 ad
1003 2212 1118 2271 cetera.

40 2315 67 2364 ²0
81 2317 123 2374 est
150 2309 224 2374 huic
253 2309 424 2372 finitimum
455 2307 709 2391 dissimulationi,
741 2331 814 2375 cum
847 2309 982 2376 honesto
1020 2310 1118 2389 verbo
1141 2320 1191 2368 ara
1286 2376 1289 2382 ,

11 2491 12 2508 ¹
80 2414 188 2478 vitiosa
217 2433 269 2478 res
296 2413 490 2496 appellatum
521 2419 556 2476 ut
586 2432 658 2476 cum
688 2413 858 2479 Africanus
891 2433 1004 2479 censor
1032 2413 1117 2477 tribu

11 2509 12 2524 ³
80 2519 223 2583 movebat
247 2536 320 2580 cum
344 2515 558 2580 centurionem
589 2516 642 2597 qui
670 2517 703 2581 in
726 2516 817 2582 Pauli
839 2537 949 2602 pugna
976 2539 1040 2583 non
1067 2516 1121 2581 ad-

11 2603 12 2652 l
80 2618 193 2701 fuerat,
222 2640 295 2684 cum
325 2619 377 2682 illc
408 2639 442 2684 se
473 2619 636 2684 custodiae
666 2641 763 2686 causa
793 2619 914 2686 diceret
944 2621 978 2686 in
1010 2620 1120 2686 castris

11 2805 12 2808 Ἴ
79 2725 267 2789 remansisse
292 2729 518 2805 quaereretque
542 2742 597 2787 cur
619 2725 660 2788 ab
685 2729 917 2806 cunctaretur,
946 2717 1021 2792 ‘non
1038 2717 1121 2788 amo’

41 2841 66 2890 as
80 2827 177 2910 inquit
199 2821 343 2892 ‘nimium
367 2822 550 2911 diligentis'
576 2834 723 2894 'acutum
746 2826 843 2894 ctiam
866 2828 944 2892 illud
968 2835 1025 2910 est,
1050 2848 1121 2892 cum
1141 2838 1191 2886 ara

81 2951 118 2994 ex
139 2931 269 2997 alterius
300 2930 442 2996 oratione
472 2929 559 2994 aliud
589 2931 732 3015 excipias
762 2937 858 3013 atque
889 2931 942 2996 ille
972 2933 1055 3016 volt,
1087 2937 1122 2996 ut

80 3034 244 3100 Salinatori
266 3034 436 3115 Maximus,
468 3054 540 3098 cum
563 3035 702 3099 Tarento
732 3034 849 3099 amisso
877 3055 984 3101 arcem
1012 3041 1120 3099 amen

80 3137 183 3204 Livius
205 3137 388 3204 retinuisset
410 3138 572 3220 multaque
603 3158 707 3202 exea
733 3137 854 3222 proelia
883 3140 1048 3221 praeclara
1078 3137 1122 3203 fc·
1192 3193 1194 3198 .

82 3240 176 3324 uisset,
201 3261 275 3307 cum
297 3240 415 3322 aliquot
438 3247 509 3325 post
531 3240 625 3306 annis
647 3241 806 3306 Maximus
836 3240 870 3304 id
894 3241 1047 3325 oppidum
1075 3260 1122 3304 re-

11 3389 13 3400 ,
40 3345 211 3429 accepisset
232 3349 422 3428 rogaretque
453 3364 525 3408 eum
552 3344 710 3410 Salinator
740 3349 774 3409 ut
797 3343 994 3410 meminisset
1023 3362 1121 3426 opera

82 3466 188 3514 suase
211 3448 387 3512 Tarentum
410 3447 578 3531 recepisse,
603 3439 735 3530 ‘quidni’
758 3447 863 3530 inquit
891 3437 1120 3511 meminerim?

81 3571 247 3636 numquam
279 3549 365 3614 enim
393 3551 596 3634 recepissem,
628 3551 690 3616 uisi
720 3557 753 3615 tu
784 3543 1002 3634 perdidisses.³
1047 3552 1194 3613 sunnam

11 3669 12 3674 ’
82 3655 169 3721 etiam
192 3657 248 3720 illa
271 3654 481 3737 subabsurda,
506 3655 563 3720 scd
579 3675 616 3720 co
631 3655 702 3740 ipso
717 3655 846 3720 nomine
863 3671 960 3736 saepe
976 3649 1121 3732 ridicula,

82 3778 137 3824 non
146 3761 249 3826 solum
257 3758 648 3845 mimispcrapposita,sed
656 3747 753 3824 etiam
762 3758 898 3841 quodam
908 3756 1003 3823 modo
1011 3755 1120 3822 nobis:
