2866 4110
329 185 441 238 arasa
459 185 480 238 1.
511 185 718 260 curua-ra
749 188 927 249 sarr-214.
1102 167 1144 231 53
1205 197 1206 200 ¹

105 365 136 423 et
160 359 194 423 O.
212 357 359 422 Laelium
381 364 414 422 et
435 358 680 424 innumerabiles
702 359 781 424 alios
804 378 875 422 oum
903 377 944 422 ex
971 361 1079 426 nostra
1105 355 1145 418 ei-

106 462 204 526 vitate
227 467 296 524 turn
320 481 360 526 ex
384 461 504 526 ceteris.
551 462 600 526 sin
630 468 737 526 autem
768 467 969 543 quaereretur
999 459 1145 540 quisnam
1163 479 1214 525 ara

104 564 191 630 iuris
204 564 369 630 consultus
391 584 465 629 vere
488 566 712 645 nominaretur,
730 585 802 629 cum
818 564 954 628 dicerem
970 563 1024 644 qui
1038 561 1145 645 legum

104 676 136 733 et
151 665 392 733 consuetudinis
412 668 479 733 eius
502 689 565 750 qua
586 669 702 751 privati
725 669 758 734 iu
781 668 909 732 civitate
931 671 1092 730 uterentur
1115 672 1146 728 et

68 772 146 836 sad
173 770 433 856 respondendum
460 779 492 836 et
519 771 560 836 ad
586 771 747 854 agendum
775 778 806 835 et
829 770 871 834 ad
894 767 1071 834 cavendum
1093 787 1146 852 pe·

103 876 181 940 ritus
214 881 310 955 esset,
342 881 374 938 et
403 895 444 939 ex
476 895 513 940 eo
539 894 657 958 genere
685 875 759 940 Sex.
776 874 901 938 Aelium
923 873 964 938 Μ’
981 871 1144 936 Manilium

103 980 137 1046 P.
155 979 295 1042 Mucium
318 978 523 1044 nominarem.
558 985 664 1059 atque,
681 985 716 1042 ut
738 979 802 1042 iam
825 975 867 1040 ad
889 977 1008 1040 leviora
1030 976 1144 1039 artium
1168 987 1205 1042 49

103 1079 210 1146 studia
229 1080 369 1162 veniam,
386 1081 413 1145 si
431 1081 578 1161 musicus,
595 1081 622 1146 si
641 1080 877 1162 grammaticus,
894 1080 921 1145 si
939 1085 1034 1163 poeta
1053 1097 1146 1161 quae-

101 1193 199 1266 ratur,
215 1185 337 1269 possim
352 1185 494 1260 similiter
510 1185 670 1270 explicare
692 1184 768 1267 quid
792 1204 901 1250 eorum
924 1185 1056 1266 quisque
1078 1203 1146 1267 pro-

49 1314 83 1360 10
101 1289 229 1354 fitcatur
253 1295 285 1353 et
308 1308 370 1370 quo
393 1309 456 1354 non
479 1289 614 1373 amplius
636 1289 676 1354 ab
701 1308 826 1371 quoque
849 1290 890 1354 sit
912 1286 1143 1372 postulandum.

100 1391 285 1478 philosophi
315 1390 452 1473 denique
481 1393 591 1475 ipsius,
624 1392 677 1474 qui
708 1391 748 1456 de
779 1394 892 1458 suavi
922 1412 959 1457 ac
990 1391 1146 1475 sapientia

100 1515 184 1560 unus
214 1494 323 1559 omnia
354 1514 455 1576 paene
485 1495 658 1579 profitetur,
690 1502 738 1560 est
767 1502 877 1560 tamen
908 1492 1064 1577 quaedam
1095 1491 1146 1557 de-

101 1597 249 1681 scriptio:
277 1604 312 1661 ut
335 1597 362 1661 is
385 1598 438 1678 qui
461 1596 586 1663 studeat
609 1599 748 1664 omnium
771 1617 877 1662 rerum
900 1597 1080 1662 divinarum
1103 1603 1146 1660 at-

101 1721 164 1783 que
186 1700 400 1764 humanarum
422 1701 487 1764 vim
509 1707 655 1766 naturam
672 1720 848 1782 causasque
863 1721 957 1766 nosse
972 1705 1005 1765 et
1020 1719 1146 1764 omnem

51 1829 82 1875 rs
100 1806 185 1870 bene
211 1803 344 1868 vivendi
370 1804 525 1869 rationem
552 1810 660 1869 tenere
691 1812 723 1870 et
751 1805 901 1889 persequi
929 1803 1057 1867 nomine
1086 1802 1146 1865 hoc

100 1907 291 1992 appelletur.
337 1913 491 1972 oratorem
518 1913 634 1988 autem,
659 1907 807 1989 quoniam
830 1905 871 1971 de
894 1926 931 1971 eo
955 1905 1143 1986 quaerimus,
1164 1919 1230 1968 are*

24 2031 29 2039 ·
101 2009 252 2092 equidem
274 2029 339 2073 non
361 2001 444 2074 facio
467 2008 603 2074 eundem
626 2030 719 2091 quern
736 2011 878 2090 Crassus,
896 2008 949 2090 qui
965 2006 1043 2070 mihi
1058 2006 1146 2070 visus

102 2121 150 2178 est
178 2133 307 2177 omnem
330 2112 469 2178 omnium
492 2133 596 2178 rerum
618 2121 714 2194 atque
737 2113 853 2176 artium
876 2110 1042 2176 scientiam
1066 2129 1145 2174 com·
1221 2107 1223 2114 '

100 2214 302 2300 prehendere
332 2235 395 2280 uno
426 2216 557 2280 oratoris
588 2215 692 2281 officio
722 2236 760 2280 ac
790 2216 927 2295 nomine,
950 2220 1047 2296 atque
1074 2228 1145 2277 eurn

53 2341 84 2390 ao
101 2326 178 2402 puto
202 2339 274 2384 esse
298 2319 351 2401 qui
376 2325 408 2383 et
430 2319 537 2384 verbis
559 2319 600 2382 ad
624 2318 817 2384 audiendum
845 2315 992 2383 iucundis
1020 2325 1051 2382 et
1077 2335 1146 2382 sen-

102 2422 212 2488 tentiis
235 2420 498 2506 adprobandum
521 2422 771 2488 adcommodatis
794 2421 839 2485 uti
863 2421 963 2506 possit
985 2423 1019 2485 in
1042 2419 1146 2486 causis

103 2525 283 2591 forensibus
305 2532 401 2607 atque
424 2527 650 2592 communibus.
696 2525 782 2590 hunc
810 2545 869 2608 ego
896 2525 1023 2608 appello
1046 2531 1145 2589 orato-

102 2648 168 2694 rem
197 2649 333 2710 eumque
360 2649 430 2694 esse
457 2637 623 2713 praeterea
650 2631 837 2695 instructum
865 2643 944 2694 voce
967 2635 999 2692 et
1021 2627 1144 2692 actione

104 2739 135 2796 et
155 2732 263 2815 lepore
286 2731 423 2813 quodam
446 2734 526 2797 volo.
574 2734 707 2798 Crassus
730 2753 805 2797 vero
829 2733 907 2797 mihi
929 2738 1036 2796 noster
1059 2732 1145 2794 visus
1163 2753 1214 2801 214

54 2855 86 2902 as
104 2842 151 2900 est
177 2835 310 2900 oratoris
336 2836 520 2900 facultatem
547 2855 611 2900 nou
639 2837 723 2900 illius
745 2836 822 2900 artis
844 2834 998 2915 terminis,
1022 2833 1079 2900 sed
1101 2832 1145 2895 in-

65 3017 69 3022 ,
104 2939 188 3021 genii
218 2938 267 3004 sui
297 2938 414 3004 finibus
443 2939 609 3004 immensis
640 2959 743 3022 paene
773 2938 962 3003 describere,
1008 2957 1082 3000 nam
1113 2940 1145 2999 et

106 3043 266 3106 civitatum
293 3043 502 3125 regendarum
529 3043 644 3107 oratori
667 3042 883 3124 gubernacula
907 3040 1065 3105 sententia
1086 3058 1144 3102 sua

106 3144 247 3229 tradidit;
282 3146 315 3209 in
345 3164 406 3226 quo
436 3165 493 3228 per
522 3143 600 3209 mihi
630 3144 744 3208 mirum
771 3145 875 3208 visum
898 3151 955 3226 est,
980 3141 1142 3221 Scaevola,

107 3253 137 3312 te
157 3249 216 3314 hoe
238 3249 283 3312 illi
306 3247 490 3330 concedere,
507 3268 578 3312 eum
602 3248 787 3331 saepissime
809 3247 866 3312 tibi
891 3253 1019 3311 senatus
1041 3245 1142 3310 brevi-

1 3395 2 3398 *
57 3369 93 3416 ao
109 3357 152 3414 ter
172 3353 374 3438 impoliteque
397 3351 517 3417 dicenti
539 3352 686 3416 maximis
714 3352 755 3416 sit
782 3350 822 3416 de
851 3351 946 3416 rebus
976 3349 1139 3413 adsensus.

109 3453 146 3517 Μ.
167 3477 241 3521 vero
269 3456 422 3537 Scaurus,
452 3475 545 3538 quem
576 3474 638 3519 non
669 3455 763 3538 longe
794 3455 856 3518 ruri
887 3452 972 3536 apud
1003 3471 1036 3515 11
1070 3470 1139 3515 1111

110 3558 206 3639 audio,
223 3560 271 3623 vir
293 3559 454 3642 regendae
477 3561 522 3624 rei
545 3558 690 3643 publicae
709 3558 945 3638 scientissimus,
963 3556 990 3622 si
1004 3553 1140 3618 audierit

111 3656 186 3726 hanc
207 3663 429 3730 auctoritatem
451 3662 617 3745 gravitatis
641 3669 673 3726 et
693 3661 814 3726 consilii
829 3661 877 3724 sui
893 3658 1047 3722 vindicari
1062 3679 1081 3720 a
1097 3664 1138 3737 te,

113 3760 226 3847 Crasse,
243 3765 325 3847 quod
342 3785 412 3829 earn
428 3765 559 3830 oratoris
574 3764 731 3847 propriam
749 3782 817 3826 esse
834 3761 930 3839 dicae,
947 3761 1020 3839 iam,
1034 3758 1136 3841 credo,
