2866 4110
370 175 521 230 111111.
558 175 641 228 cnr.
656 179 730 230 1-1,
768 179 782 238 s
801 175 911 230 23-28.
1140 157 1156 218 l

116 351 245 416 dicendi
278 352 350 416 laus
378 371 399 415 a
430 350 546 416 nostris
576 349 757 415 hominibus
784 368 935 414 concessa
957 353 1006 412 est
1028 346 1159 412 auotori-

116 461 213 520 tatem
239 454 373 520 Graecis
395 462 595 538 anteponam.
664 439 672 456 ⁴
700 502 703 508 .

221 559 306 624 Oum
321 558 417 640 igitur
433 558 651 623 vehementius
666 556 869 622 inveheretur
883 556 917 620 in
934 573 1062 620 causam
1078 554 1159 638 prin·
1179 523 1213 644 2⁷4

116 663 223 747 cipum
248 662 360 727 consul
381 661 547 745 Philippus
569 661 728 743 Drusique
751 660 929 725 tribunatus
952 678 1009 741 pro
1032 664 1161 722 senatus

83 785 97 832 5
116 766 309 840 auctoritate
332 757 495 849 susceptus
518 764 649 848 infringi
671 765 735 830 iam
755 763 975 846 debilitarique
990 760 1160 841 videretur,
1261 786 1328 858 4)
1377 799 1420 842 ,q

117 869 179 935 dici
206 868 290 934 mihi
316 868 445 933 memini
470 868 614 933 ludorum
638 870 851 934 Romanorum
878 866 991 931 diebus
1017 865 1161 945 110111-
1193 841 1382 966 (11ζέ

117 995 186 1039 sum
215 972 311 1056 quasi
338 972 516 1077 coqbqqndi
543 972 591 1038 sui
618 992 714 1038 causa
740 991 775 1038 se
797 971 830 1035 in
853 970 1066 1044 Tusculanum
1090 987 1160 1034 oon-

117 1078 245 1162 tulisse3
272 1076 398 1141 venisse
421 1075 543 1157 eodem,
567 1095 656 1141 socer
679 1076 746 1140 eius
770 1075 824 1157 qui
846 1073 959 1154 fuerat,
984 1071 1160 1148 1111111111

118 1181 287 1246 dicebatur
317 1185 348 1244 et
376 1179 417 1244 M.
440 1180 613 1260 Antonius,
643 1178 737 1246 homo
769 1184 801 1243 et
817 1171 1033 1244 consiliorum
1064 1175 1097 1240 in
1127 1193 1162 1238 re

71 1305 101 1352 10
117 1285 248 1370 publica
280 1283 383 1367 socius
413 1291 445 1349 et
475 1279 598 1348 summa
621 1305 693 1348 oum
716 1283 831 1349 Orasso
854 1280 1069 1346 familiaritate
1092 1297 1162 1343 con·
1231 1265 1238 1278 '

118 1390 256 1454 iunctus.
283 1387 426 1452 exierant
441 1393 546 1453 autem
571 1407 642 1452 cum
665 1388 734 1471 ipso
750 1387 864 1453 Crasso
886 1384 1107 1449 adulescentes
1130 1387 1161 1445 11
1180 1391 1212 1439 11

118 1493 216 1558 Dmsi
232 1490 373 1555 maxime
388 1490 559 1556 familiares
575 1491 654 1556 etin
675 1490 788 1573 quibus
811 1509 961 1572 magnam
984 1495 1050 1551 tum
1073 1505 1163 1569 spem

118 1596 257 1661 maiores
281 1601 358 1659 natu
380 1593 545 1678 dignitatis
568 1615 645 1660 suae
672 1594 889 1659 conlucerent:
925 1592 959 1658 d.
981 1591 1083 1670 Ootta,
1108 1588 1162 1670 qui

51 1697 210 1810 Ν11111111]
247 1698 441 1763 tribunatum
476 1698 579 1782 plebis
612 1699 756 1782 petebat,
788 1703 818 1761 et
847 1697 883 1760 P.
907 1694 1080 1778 Sulpicius,
1109 1691 1162 1773 qui
1251 1729 1253 1736 ‹

31 1793 102 1902 ν111
119 1803 275 1900 deiqceps
291 1821 362 1866 eum
378 1802 596 1884 magistratum
616 1801 770 1886 petiturus
791 1800 969 1885 putabatur.
1005 1798 1039 1861 hi
1060 1797 1162 1880 primo
1181 1805 1214 1853 16

5 1905 33 1956 's‘
120 1905 172 1971 die
201 1905 244 1970 de
271 1904 464 1989 temporibus
486 1904 590 1986 deque
613 1906 763 1971 universa
784 1924 819 1970 11
841 1900 979 1988 publica,
1005 1919 1099 1981 quam
1122 1898 1162 1963 ob
1230 1910 1238 1919 ··

121 2029 253 2074 causam
275 2015 438 2089 venerant,
462 2009 595 2073 multum
621 2009 704 2075 inter
731 2027 765 2074 se
790 2027 891 2091 usque
918 2003 960 2069 ad
987 2008 1163 2068 extremum

121 2119 249 2197 tempus
275 2110 338 2176 diei
366 2112 520 2177 conlocuti
543 2118 624 2176 sunt.
661 2133 722 2200 quo
747 2111 875 2192 quidem
899 2126 1044 2175 sermone
1066 2104 1165 2169 multa

122 2215 276 2302 diripitus
305 2236 325 2278 a
354 2215 454 2280 tribus
484 2215 546 2280 illis
576 2214 793 2281 consularibus
818 2216 911 2281 Cotta
940 2211 1104 2295 deplorata
1134 2215 1165 2273 et

42 2303 47 2320 ⁹
74 2341 105 2388 11
123 2324 368 2384 commemorata
390 2319 550 2398 narrabat,
566 2324 602 2382 ut
624 2318 702 2382 nihil
725 2316 889 2384 incidisset
911 2321 1022 2401 postea
1045 2310 1166 2379 civitati

122 2422 198 2486 mali
222 2419 306 2503 quod
330 2441 393 2486 non
416 2421 600 2506 impendere
626 2421 671 2484 illi
699 2427 786 2487 tanto
812 2428 888 2487 ante
916 2418 1081 2485 vidissent.
1128 2428 1217 2481 1111

122 2532 231 2601 autem
262 2526 347 2590 omni
377 2545 521 2590 sermone
552 2525 695 2591 confecto
718 2531 840 2591 tantam
864 2524 897 2589 in
921 2525 1036 2591 Crasso
1059 2523 1168 2587 huma-

122 2631 259 2719 nitatem
290 2628 404 2709 fuisse,
435 2636 487 2710 ut,
519 2649 590 2694 cum
620 2629 698 2693 lauti
731 2629 973 2708 accubuissent,
1006 2626 1166 2691 tolleretur

123 2733 227 2798 omnis
256 2732 310 2797 illa
341 2733 509 2816 superioris
540 2733 667 2798 tristitia
697 2733 850 2800 sermonis
881 2751 982 2814 eaque
1016 2735 1100 2795 esset
1133 2725 1167 2790 in

76 2857 105 2906 cs
124 2836 254 2902 homine
281 2835 461 2901 iucunditas
489 2843 521 2901 et
543 2843 650 2902 tantus
672 2837 706 2900 in
728 2835 887 2919 loquendo
912 2837 1010 2918 lepos,
1037 2839 1072 2896 ut
1097 2831 1166 2894 dies

123 2941 208 3004 inter
235 2959 288 3004 eos
319 2939 425 3004 curiae
455 2939 553 3006 fuisse
579 2939 749 3020 videretur,
777 2939 958 3015 convivium
984 2931 1164 3001 Tusculani.
1197 2987 1199 2992 .
1303 3020 1305 3023 Ι

124 3049 251 3128 postero
274 3048 381 3108 autem
406 3042 467 3131 die,
488 3064 559 3108 cum
582 3043 626 3107 illi
649 3043 784 3108 maiores
807 3048 883 3106 natu
907 3040 984 3106 satis
1007 3039 1167 3121 quiessent
1186 3053 1219 3100 11

125 3154 156 3213 11
186 3147 221 3226 ip
250 3146 499 3229 ambulationem
530 3153 661 3211 ventum
691 3152 785 3226 esset,
810 3141 957 3232 [dicebat]
982 3149 1049 3207 tum
1076 3141 1167 3207 Scae-

124 3251 231 3317 volam
247 3245 385 3315 'duobus
415 3251 527 3335 spatiis
557 3250 697 3315 tribusve
727 3249 821 3314 factis
861 3247 981 3312 dixisse
1008 3237 1074 3310 ‘cur
1104 3263 1167 3307 non

78 3379 108 3427 30
125 3354 296 3436 imitamur,
329 3354 452 3434 Crasse,
484 3355 644 3420 Socratem
677 3353 766 3417 illum
797 3351 864 3434 qui
881 3357 929 3416 cst
957 3348 992 3412 in
1021 3345 1165 3411 Phaedro
1426 3423 1427 3436 ἵ

125 3457 294 3525 Platonis?
332 3478 407 3522 nam
437 3478 489 3522 me
520 3456 600 3523 haec
630 3464 685 3520 tua
714 3456 861 3540 platanus
891 3451 1064 3530 admonuit,
1087 3467 1168 3530 quae
1247 3503 1274 3548 μ,
1296 3441 1322 3477 ‘'
1426 3441 1427 3450 ’

125 3582 190 3626 non
214 3561 319 3626 minus
342 3560 383 3624 ad
407 3560 607 3645 opacandum
629 3558 714 3623 huno
736 3549 1170 3641 1111111111111111111111
1197 3559 1236 3613 at
1426 3631 1427 3634 Ἴ

126 3665 224 3730 ramis
239 3685 335 3746 quam
358 3664 412 3728 illa
435 3665 523 3729 cuius
546 3665 691 3728 umbram
712 3668 837 3727 secutus
853 3665 901 3724 est
917 3658 1071 3734 Socrates,
1088 3672 1169 3733 quae

125 3768 205 3834 mihi
230 3766 356 3833 videtur
379 3787 442 3832 non
466 3775 530 3832 tam
553 3768 624 3865 ipsa
646 3763 737 3828 acula
762 3781 843 3844 quae
866 3755 1053 3822 describitur
1076 3773 1169 3834 qnam
1248 3825 1250 3828 ¹
1426 3767 1427 3780 ¹
