2834 4110
262 205 304 271 86
490 223 603 276 LIBER
621 223 657 276 ΙΙ.
690 221 897 278 GAP.15-16.
928 227 942 287 ξ
961 223 1072 278 63-67.

262 398 357 463 etiam
381 395 569 482 quomodo,
593 403 719 461 etcum
746 394 785 460 de
813 402 930 460 eventu
957 395 1088 478 dicatur,
1118 401 1154 461 ut
1184 417 1303 462 causae

262 502 460 586 explicentur
483 520 593 566 omnes
620 502 673 565 vel
695 519 787 565 casus
817 500 869 564 vel
892 499 1068 583 sapientiae
1098 500 1151 564 vel
1179 500 1303 566 temeri·

261 605 335 670 tatis
357 605 584 686 hominumque
614 604 755 687 ipsorum
784 624 850 668 non
878 604 979 668 solum
1009 623 1061 669 res
1088 607 1210 688 gestae,
1246 603 1303 669 sed

262 709 367 789 etiam,
391 707 445 790 qui
467 707 554 772 sarna
576 727 615 772 ac
637 707 764 772 nominc
789 707 956 788 excellant,
989 706 1029 772 dc
1060 707 1213 790 cuiusque
1236 708 1304 773 vita
1414 759 1415 780 ,

209 827 243 874 64
261 818 356 894 atque
379 817 500 876 natura.
545 811 713 876 verborum
736 816 844 875 autem
865 811 946 875 ratio
970 817 1001 875 61
1023 830 1126 893 genus
1149 811 1302 877 orationis
1320 829 1337 876 6

261 914 366 979 fusum
395 920 491 996 atque
521 920 655 978 tractum
687 919 718 977 et
745 933 817 978 curn
838 913 969 978 lenitate
993 913 1130 997 quadam
1153 914 1303 996 aequabi-

259 1016 332 1081 liter
353 1016 513 1100 proflucns
537 1017 605 1082 sine
627 1015 689 1082 hac
718 1015 859 1081 iudiciali
888 1017 1061 1101 asperitate
1085 1023 1116 1084 et
1138 1017 1209 1083 sinc
1233 1038 1302 1083 sen·
1414 1003 1415 1010 ἵ

260 1119 430 1185 tentiarum
453 1119 632 1185 forensibus
654 1120 773 1185 aculeis
795 1120 1051 1205 persequendum
1079 1125 1137 1186 est.
1187 1120 1302 1186 harum

260 1229 307 1288 tot
333 1230 556 1306 tantarumque
577 1243 689 1301 ¹rerum
719 1222 878 1289 videtisne
908 1225 995 1289 nulla
1029 1245 1098 1291 csse
1128 1231 1303 1309 praecepta
1414 1249 1415 1260 ¹

262 1347 343 1410 quae
365 1326 399 1392 in
421 1327 542 1392 artibus
565 1327 725 1393 rhetorum
747 1327 966 1411 reperiantur?
1323 1347 1352 1394 10

364 1431 403 1494 In
440 1429 553 1494 eodem
595 1430 720 1496 silentio
758 1431 856 1496 multa
897 1431 961 1495 alia
997 1438 1156 1498 oratorum
1193 1430 1302 1496 officia

259 1533 433 1614 iacuerunt,
447 1532 679 1616 cohortationes
691 1540 861 1618 praecepta
873 1535 1106 1600 consolationes
1120 1533 1301 1619 admonita3
1414 1583 1415 1600 t

260 1656 341 1719 quae
365 1635 531 1701 tractanda
553 1642 627 1703 sunt
642 1638 749 1702 omnia
771 1637 987 1720 disertissime,
1010 1637 1068 1704 sed
1086 1639 1191 1704 locum
1206 1659 1301 1704 suum

207 1757 240 1804 66
258 1740 292 1805 in
315 1739 365 1805 his
387 1741 509 1806 artibus
532 1761 614 1824 quae
637 1741 772 1806 traditae
795 1747 868 1806 sunt
890 1741 1011 1806 habent
1032 1742 1162 1807 nullum.
1201 1747 1300 1825 atque

157 1889 158 1894 κ
258 1845 292 1909 in
314 1843 375 1910 hoc
396 1863 515 1929 genere
529 1845 584 1909 illa
607 1865 732 1927 quoque
748 1850 796 1910 est
811 1844 936 1910 infinita
958 1846 1049 1926 silva,
1073 1844 1157 1928 quod
1183 1846 1301 1912 oratori
1320 1863 1350 1911 15

258 1947 411 2032 plerique,
435 1953 470 2012 ut
493 1947 589 2012 etiam
612 1948 746 2014 Crassus
768 1947 917 2029 ostendit,
948 1947 1010 2013 duo
1039 1968 1160 2033 genera
1188 1948 1232 2013 ad
1255 1948 1299 2013 di·
1414 2009 1415 2012 ,

259 2051 395 2117 cendum
430 2051 601 2117 dederunt:
636 2073 734 2116 unum
768 2051 808 2117 de
842 2058 929 2117 certa
962 2052 1156 2136 definitaque
1190 2073 1298 2135 causa,

258 2155 369 2237 quales
399 2161 473 2220 sunt
503 2175 585 2237 quae
616 2154 649 2218 in
678 2155 796 2236 litibus,
831 2175 912 2238 quae
946 2156 979 2220 in
1014 2154 1298 2222 deliberationibus

258 2264 425 2323 versantur
447 2295 488 2304 —
511 2257 619 2340 addat,
643 2258 669 2323 si
700 2259 754 2340 qui
776 2259 872 2340 volet,
896 2259 993 2324 etiam
1014 2259 1214 2326 laudationes
1236 2287 1297 2346 ——3
1414 2259 1415 2326 l

258 2361 402 2441 alterum,
427 2359 512 2442 qood
533 2361 696 2445 appellant
718 2380 829 2427 omnes
858 2362 925 2428 fere
947 2363 1125 2447 scriptores,
1157 2365 1348 2448 explicatae
1414 2379 1415 2430 1

258 2483 362 2543 nemo,
386 2462 543 2528 infinitam
576 2464 703 2547 generis
736 2464 805 2530 sine
834 2471 977 2550 tempore
1009 2473 1041 2532 et
1071 2457 1145 2533 sine'
1162 2487 1300 2551 persona

259 2566 487 2650 quaestionem.
533 2566 594 2632 hoc
617 2566 692 2649 quid
716 2575 747 2632 et
769 2575 922 2651 quantum
945 2570 995 2652 sit,
1019 2590 1091 2634 com
1112 2569 1231 2652 dicunt,
1255 2571 1300 2636 in·
1414 2575 1415 2612 l

207 2689 239 2736 66
258 2670 408 2755 tellcgere
431 2669 508 2734 mihi
531 2691 595 2735 non
617 2670 774 2737 videntur.
821 2672 848 2738 si
871 2673 956 2738 enim
977 2680 1025 2738 est
1040 2673 1181 2758 oratoris,
1206 2694 1300 2756 quae·

258 2793 392 2856 cumque
415 2794 466 2839 res
489 2773 612 2839 infinite
642 2776 746 2860 posita
775 2776 826 2857 sit,
858 2775 898 2841 de
929 2797 967 2842 ca
989 2797 1084 2861 posse
1115 2776 1230 2858 dicere,
1256 2778 1299 2842 di·

258 2876 393 2942 cendum
417 2877 476 2942 erit
498 2877 529 2942 ei
552 2884 671 2960 quanta
700 2879 741 2945 sit
764 2879 838 2945 solis
860 2879 1056 2964 magnitudo,
1088 2901 1169 2963 quae
1191 2880 1296 2946 forma
1314 2901 1346 2947 aa
1414 2883 1415 2934 ἶ

257 2987 377 3064 terrae3
409 2979 449 3044 de
478 2980 720 3063 mathematicis,
752 2982 943 3048 demonicis
973 2984 1068 3049 rebus
1091 3004 1155 3049 non
1182 2985 1299 3069 poterit

258 3083 334 3166 quin
365 3081 451 3148 dicat
477 3083 538 3149 hoc
567 3105 663 3151 onere
694 3092 840 3170 suscepto
872 3105 1027 3152 recusare.
1084 3086 1223 3169 denique
1258 3088 1297 3170 ei,

258 3187 311 3270 qui
333 3187 498 3272 profitetur
520 3207 590 3255 6666
613 3209 704 3255 suurn
728 3211 792 3255 non
815 3192 916 3255 solum
940 3189 980 3254 de
1003 3190 1049 3256 cis
1073 3191 1296 3258 controversiis

258 3312 340 3374 quae
362 3292 558 3376 temporibus
589 3299 621 3357 et
649 3294 793 3377 personis
820 3300 948 3359 notatae
978 3300 1061 3376 sunt,
1092 3294 1153 3359 hoc
1183 3301 1233 3360 661
1255 3295 1296 3360 de

257 3395 404 3462 omnibus
427 3395 616 3478 forensibus,
641 3396 698 3462 sed
720 3397 816 3462 etiam
832 3397 872 3461 de
887 3417 1040 3481 generum
1054 3397 1188 3463 infinitis
1204 3418 1298 3480 quae·
1315 3417 1347 3465 ao

257 3499 414 3565 stionibus
436 3499 553 3581 dicere,
576 3500 698 3565 nullum
712 3507 817 3584 potest
840 3520 910 3566 esse
925 3521 1027 3585 genus
1043 3501 1194 3567 orationis
1210 3501 1295 3584 qood

203 3579 238 3700 ἑξ
258 3601 299 3666 611
322 3609 499 3686 exceptum.
545 3601 603 3668 sed
625 3602 653 3668 si
675 3603 760 3667 illam
784 3623 907 3687 quoque
930 3610 1053 3687 partem
1076 3604 1297 3686 quaestionum
1414 3589 1415 3664 l

257 3705 373 3770 oratori
396 3705 541 3770 volumus
563 3705 739 3789 adiungere
761 3726 878 3790 vagam
901 3713 933 3771 et
954 3706 1088 3772 liberam
1111 3713 1142 3771 et
1156 3708 1221 3771 late
1242 3727 1296 3792 pa·

258 3810 387 3888 tentem,
422 3813 457 3872 ut
486 3807 648 3874 derebus
679 3809 772 3875 honis
801 3815 857 3873 aut
889 3809 991 3891 malis,
1026 3809 1215 3895 expetendis
1241 3818 1298 3877 aut
