2836 4114
284 211 348 278 210
522 228 705 283 11555111.
736 227 868 286 51155.
898 205 1076 294 crau-156.

283 404 364 471 ferat
386 404 428 470 ad
449 403 682 470 inlustrandam
704 410 800 487 atque
817 403 1035 470 exornandam
1050 404 1241 470 orationem:
1266 412 1323 471 ant

216 531 265 580 155
282 508 467 575 inusitatum
489 511 622 576 verbum
645 514 700 574 551
723 515 874 574 1151515111
896 515 950 573 551
981 509 1178 574 translatum.
1225 510 1324 576 inusi-

282 619 349 678 tata
372 620 445 680 sunt
466 614 572 698 prisca
594 612 662 678 fere
684 633 723 677 ac
743 618 901 678 vetustate
923 613 964 678 ab
988 633 1048 678 555
1078 612 1228 679 cotidiani
1260 633 1324 680 ser·

283 718 386 783 monis
406 718 471 783 iam
493 716 548 783 diu
570 717 761 799 intermissa,
785 737 867 800 quae
890 723 964 783 sunt
985 723 1148 801 poetarum
1171 717 1324 784 licentiae

282 821 429 886 liberiora
452 842 547 906 quarn
569 827 716 905 nostrae3
741 821 798 887 sed
820 828 928 887 tamen
950 842 1021 887 raro
1042 821 1140 887 habet
1166 822 1266 888 etiam
1288 823 1357 888 155

283 927 423 992 oratione
456 927 613 1012 poeticum
648 925 776 1009 aliquod
806 927 938 992 verbum
968 925 1167 1011 dignitatem.
1215 948 1324 1011 neque

284 1031 368 1095 enim
401 1030 479 1095 illud
508 1029 644 1114 fugerim
668 1029 783 1113 dicere,
812 1037 847 1095 ut
871 1031 996 1097 Coelius
1026 1023 1100 1114 tqua
1129 1037 1324 1116 tempestate

283 1135 407 1200 Poenus
429 1134 463 1198 in
485 1134 612 1199 Italiam
634 1131 745 1217 venit,'
769 1155 828 1200 neo
851 1128 992 1220 ‘prolem'
1015 1141 1070 1200 551
1085 1127 1250 1201 ‘subolem'
1266 1145 1324 1201 aut

283 1230 757 1323 ε151155111555511515551,
781 1245 871 1305 5115
895 1239 986 1320 55155,
1019 1240 1139 1321 Catule,
1172 1230 1248 1305 ‘non
1275 1262 1324 1307 rc-

282 1337 351 1407 bar'
373 1348 427 1406 aut
449 1333 637 1426 ‘opinabar3’
661 1349 717 1408 551
740 1343 803 1407 alia
824 1343 932 1424 multa,
965 1343 1078 1425 quibus
1107 1344 1175 1408 1555
1207 1344 1323 1428 positis
1344 1355 1374 1404 15

215 1465 265 1514 154
282 1445 431 1530 grandior
452 1451 548 1528 atque
570 1446 731 1529 antiquior
754 1447 853 1512 oratio
877 1466 972 1531 saepe
999 1445 1102 1512 videri
1131 1447 1219 1512 solet.
1267 1469 1323 1514 no

282 1556 398 1615 vantur
419 1556 525 1615 autem
546 1551 647 1616 verba
670 1551 814 1635 quaeab
845 1571 882 1616 eo
906 1551 959 1633 qui
981 1549 1058 1616 dicit
1087 1551 1157 1636 ipso
1183 1551 1323 1636 gignun-

281 1660 332 1719 tur
353 1674 392 1719 ac
413 1653 501 1736 fiunt,
525 1655 576 1719 151
599 1655 830 1740 coniungendis
852 1655 967 1737 verbis,
993 1661 1027 1719 ut
1049 1654 1145 1720 haec:

325 1761 391 1823 tum
407 1779 505 1842 pavor
521 1759 710 1842 sapientiam
727 1779 852 1824 omnem
867 1759 911 1823 mi
929 1759 1109 1824 exanimato
1122 1761 1320 1845 expectorat.

324 1882 400 1926 num
422 1867 486 1928 non
509 1861 558 1926 vis
580 1861 674 1926 huius
697 1882 748 1927 me
773 1863 1003 1945 versutiloquas
1026 1863 1181 1928 malitias.
1345 1887 1374 1933 15

281 1964 396 2031 videtis
416 1966 501 2032 enim
516 1973 548 2032 et
563 1959 815 2048 ‘versutiloquas'
838 1972 870 2032 et
893 1962 1098 2052 ‘expectorat'
1116 1987 1156 2032 ex
1173 1968 1323 2034 coniunc-

281 2069 367 2134 tione
395 2068 481 2136 facta
511 2089 579 2136 esse
607 2071 716 2151 verba,
740 2091 805 2136 non
827 2076 904 2136 11515
912 2095 919 2156 ;
953 2070 1010 2136 sed
1040 2090 1137 2156 saepe
1167 2071 1219 2136 vel
1247 2065 1324 2139 sine

282 2174 501 2240 coniunctione
530 2175 629 2240 verba
657 2181 826 2256 novantur,
857 2181 892 2240 ut
921 2175 974 2240 ille
1003 2176 1122 2241 ‘senius
1153 2165 1323 2259 desertus:

280 2283 315 2342 nt
349 2270 392 2342 ‘di
425 2277 599 2362 genitales,'
634 2284 668 2343 ut
700 2271 861 2344 ‘bacarum
896 2279 1042 2344 ubertate
1075 2275 1324 2345 incurvescere’

214 2381 391 2448 1551511155
420 2381 473 2447 ille
501 2381 612 2448 modus
643 2381 855 2448 transferendi
885 2383 975 2448 verbi
1004 2384 1068 2447 late
1090 2389 1188 2468 patet,
1220 2403 1372 2465 55511115

281 2486 453 2552 5555551155
475 2487 586 2571 genuit
608 2487 715 2571 inopia
739 2493 848 2552 coacta
871 2493 902 2553 ct
923 2487 1089 2571 angustiis,
1112 2493 1184 2572 post
1210 2493 1321 2552 autem

278 2589 458 2655 iucunditas
481 2589 712 2674 delectatioque
735 2591 916 2658 celebravit.
965 2612 1038 2655 nam
1074 2597 1108 2655 ut
1137 2591 1237 2658 vestis
1267 2591 1322 2656 fri-

279 2692 364 2777 goris
397 2692 577 2778 depellendi
612 2713 708 2760 causa
742 2701 869 2780 reperta
905 2695 1024 2778 primo,
1062 2701 1133 2779 post
1172 2693 1321 2761 adhiberi

281 2802 392 2881 coepta
415 2803 462 2863 est
487 2797 530 2861 ad
554 2803 699 2863 ornatum
716 2799 812 2864 etiam
835 2799 973 2883 corporis
996 2804 1027 2862 et
1049 2798 1247 2884 dignitatem,
1273 2799 1321 2864 sic

279 2901 369 2965 verbi
391 2901 555 2967 translatio
577 2902 723 2967 instituta
746 2909 794 2968 551
823 2902 950 2987 inopiae
981 2922 1086 2984 causa,
1114 2901 1369 2985 frequentatam

184 3025 186 3032 ·
280 3005 504 3072 115155151151115.
559 3027 633 3073 5515
664 2999 835 3092 ‘gemmare
865 3003 950 3072 11115>
985 2999 1151 3072 ‘luxuriem
1182 3026 1253 3072 esse
1285 3007 1319 3072 iu

278 3107 396 3177 herbis'
419 3103 529 3177 ‘laetas
551 3107 688 3196 segetes'
712 3112 808 3178 etiam
830 3112 939 3178 rustici
956 3111 1074 3177 dicunt.
1121 3109 1206 3194 quod
1229 3113 1316 3177 enim

279 3214 432 3282 declarari
454 3216 512 3280 vix
533 3218 632 3283 verbo
654 3217 781 3302 proprio
804 3223 916 3301 potest,
939 3215 973 3280 id
996 3217 1147 3282 translato
1171 3235 1244 3281 cum
1269 3223 1319 3282 est

279 3318 408 3402 dictum,
431 3321 578 3386 inlustrat
598 3320 632 3386 id
660 3321 743 3404 quod
758 3321 901 3406 intellegi
915 3322 1060 3387 volumus
1076 3321 1144 3386 eius
1158 3321 1205 3386 rei
1221 3341 1318 3404 quam

213 3423 382 3491 roseliano
404 3425 502 3491 verbo
525 3425 688 3509 posuimus
711 3424 891 3490 similitudo.
939 3445 1014 3510 ergo
1036 3424 1116 3490 haee
1138 3426 1315 3491 translatio
1335 3444 1367 3492 ao

278 3546 336 3592 1155
352 3529 441 3609 quasi
456 3528 669 3594 mutuationes
686 3535 769 3610 sunt,
786 3549 856 3594 cum
873 3528 958 3611 quod
973 3549 1036 3594 non
1051 3528 1172 3594 habeas
1187 3528 1318 3594 aliunde

280 3631 832 3717 5511155111555551555115515155,
860 3653 942 3716 quae
973 3653 1037 3698 non
1066 3632 1206 3717 inopiam
1237 3633 1317 3698 indi-

279 3738 363 3813 cant,
376 3733 432 3798 sed
444 3735 577 3800 orationi
590 3735 766 3820 splendoris
778 3736 896 3819 aliquid
911 3742 1089 3822 arcessunt3
1106 3756 1239 3820 quarum
1255 3756 1316 3820 ego

281 3832 356 3916 quid
378 3837 469 3902 vobis
491 3844 546 3903 551
568 3837 754 3904 inveniendi
776 3839 932 3905 rationem
954 3847 1009 3905 aut
1031 3860 1149 3925 genera
1170 3841 1316 3924 ponam?
