2836 4114
271 239 274 243 -
338 215 513 269 1111611111.
540 215 623 268 611.
638 217 748 271 16-16.
774 219 913 281 sua-ue.
1081 201 1142 264 189

94 388 185 452 viros
209 387 360 471 epulones
383 407 452 454 esse
475 389 651 468 voluerunt,
676 408 747 454 cum
770 395 876 454 essent
898 389 959 473 ipsi
982 410 1003 454 a
1025 390 1141 471 Numa,

94 498 135 555 ut
157 490 255 555 etiam
277 490 356 555 illud
377 490 522 556 ludorum
544 492 673 575 epulare
701 491 890 556 sacrificium
914 491 1067 573 facerent,
1097 493 1142 557 in·

94 594 212 676 stituti,
237 594 282 660 sic
306 595 458 661 Socratici
487 615 508 658 a
538 615 572 660 se
604 615 769 660 causarum
801 602 923 660 actores
951 604 982 661 et
1012 616 1032 660 a
1063 615 1142 660 com·

93 697 190 761 muni
216 697 435 781 philosophiae
473 699 602 764 nomine
637 706 876 782 separaverunt,
912 719 984 764 cum
1018 705 1143 764 veteres

58 799 228 864 edicendi
262 807 294 866 et
326 801 534 885 intellegendi
568 801 735 866 mirificam
769 803 954 868 societatem
990 823 1059 868 esse
1091 822 1143 867 vo-

94 903 243 968 luissent.

205 1006 295 1083 Quae
319 1027 388 1072 cum
412 1009 458 1072 ita
481 1009 553 1089 sint,
581 1009 744 1093 paululum
768 1008 915 1091 equidem
946 1008 987 1074 de
1009 1030 1060 1074 me
1092 1009 1143 1074 de-

94 1111 253 1194 precabor
277 1118 308 1176 61
331 1117 438 1195 petam
468 1112 602 1177 avobis
632 1119 666 1176 ut
694 1133 733 1176 ea
760 1132 842 1193 quae
869 1111 975 1177 dicam
1002 1134 1065 1179 non
1093 1133 1142 1176 116

6 1231 7 1250 l
95 1214 140 1278 de
163 1213 382 1298 memetipse,
407 1213 464 1279 sed
486 1214 527 1279 de
543 1222 666 1281 oratore
682 1214 788 1280 dicere
811 1216 938 1299 putetis.
978 1216 1144 1300 egoenim

45 1332 74 1378 16
96 1338 173 1382 sum
195 1317 222 1382 is
245 1318 309 1398 qui,
333 1337 405 1382 cum
428 1337 551 1383 summo
575 1317 679 1384 studio
701 1319 801 1403 patris
823 1320 857 1383 in
872 1320 1011 1404 pueritia
1034 1319 1144 1384 doctus

6 1503 7 1506 Ἴ
96 1440 205 1486 essem
229 1427 260 1485 61
283 1421 315 1484 11
339 1420 442 1486 forum
464 1422 587 1504 ingenii
609 1429 733 1486 tantum
756 1429 906 1504 quantum
939 1423 1008 1507 ipse
1031 1424 1144 1504 sentio,

6 1525 8 1600 1
95 1545 164 1589 non
186 1530 310 1588 tantum
332 1531 485 1605 quantum
518 1523 606 1612 [ipse]
639 1525 771 1591 forsitan
802 1527 893 1591 vobis
924 1526 1035 1591 videar
1057 1526 1145 1590 detu-

6 1623 7 1628 ’
94 1628 216 1708 lissam,
247 1648 311 1692 non
344 1629 464 1712 possim
494 1628 600 1694 dicere
630 1649 682 1693 me
711 1629 801 1709 haec,
833 1649 915 1710 quae
949 1649 1033 1693 nunc
1061 1649 1143 1694 com·

6 1731 8 1820 ,
95 1733 227 1816 plector,
250 1730 383 1814 perinde
397 1738 431 1796 ut
447 1730 551 1796 dicam
566 1731 720 1797 discenda
743 1751 812 1796 esse
829 1730 996 1815 didicisse3
1026 1732 1143 1816 quippe

6 1831 7 1898 3
45 1850 75 1896 15
97 1835 155 1916 qui
178 1834 318 1899 omnium
349 1835 532 1898 maturrime
563 1833 604 1899 ad
638 1835 783 1918 publicas
815 1854 927 1900 causas
955 1834 1143 1900 accesserim

6 1937 8 2034 1
95 1956 264 2018 annosque
287 1942 381 2002 natus
403 1957 501 2001 unum
525 1943 558 2002 et
579 1937 693 2021 viginti
720 1936 952 2002 nobilissimum
982 1937 1142 2002 hominem

6 2039 7 2042 ’
95 2049 129 2108 61
154 2040 446 2123 eloquentissimum
469 2039 502 2104 in
526 2039 678 2105 iudicium
705 2040 860 2124 voearim3
892 2041 943 2106 cui
974 2039 1143 2125 disciplina

95 2143 329 2225 1161111611111,
353 2143 506 2226 magister
528 2163 604 2208 usus
628 2150 660 2208 et
682 2144 770 2228 leges
799 2150 831 2207 61
860 2144 1005 2210 instituta
1034 2145 1142 2229 populi

6 2261 7 2302 1
95 2247 232 2312 Romani
262 2265 394 2328 mosque
424 2246 585 2310 maiorum.
640 2247 770 2329 paulum
798 2245 909 2312 sitiens
937 2246 1069 2312 istarum
1096 2261 1194 2312 11-15

6 2367 8 2406 1
44 2367 76 2413 16
95 2351 178 2415 tium
208 2349 249 2413 de
277 2348 390 2430 quibus
417 2349 528 2430 loquor
554 2349 692 2431 gustavi,
721 2356 869 2431 quaestor
898 2350 933 2415 in
963 2349 1041 2415 Asia
1071 2370 1143 2415 cum

96 2471 212 2534 essem,
236 2452 403 2534 aequalem
425 2451 493 2516 1616
515 2472 621 2517 meum
645 2473 686 2518 ex
708 2451 883 2518 Academia
898 2453 1056 2519 rhetorem
1071 2473 1143 2518 nac·

95 2566 159 2639 tus,
183 2556 398 2623 Metrodorum
421 2557 519 2638 illum,
543 2556 584 2622 de
608 2558 697 2623 cuius
711 2558 865 2623 memoria
884 2558 1143 2624 commemoravit

6 2651 8 2702 l
95 2662 270 2745 Antonium
306 2667 338 2725 et
366 2659 443 2725 inde
474 2660 634 2728 decedens
666 2660 811 2742 Athenis,
846 2663 902 2729 ubi
937 2682 997 2746 ego
1026 2662 1142 2726 diutius

96 2785 201 2831 essem
224 2771 373 2845 moratus,
406 2764 467 2828 nisi
490 2764 750 2846 Atheniensibus,
784 2766 870 2846 quod
893 2767 1048 2848 mysteria
1077 2787 1141 2831 non

45 2884 76 2929 15
96 2868 264 2948 referrent,
287 2867 330 2932 ad
352 2887 435 2949 quae
457 2866 554 2932 biduo
577 2868 678 2933 serius
693 2887 856 2950 veneram,
880 2869 1140 2936 suscensuissem.

96 2993 161 3056 qua
183 2993 217 3037 re
240 2972 310 3052 hcc,
336 2970 419 3053 quod
442 2971 632 3054 complector
660 2978 781 3036 tantam
812 2972 979 3037 scientiam
1012 2973 1141 3055 vimque

6 3055 7 3096 ³
96 3076 270 3156 doctrinae,
301 3095 366 3139 non
396 3073 489 3140 modo
520 3095 584 3139 non
616 3095 673 3158 pro
700 3094 761 3154 me,
792 3074 850 3139 sed
881 3082 990 3140 contra
1020 3097 1071 3141 me
1095 3083 1142 3141 est

96 3181 203 3266 potius
232 3217 275 3226 --
306 3199 370 3243 non
401 3179 486 3242 enim
516 3178 593 3260 quid
626 3197 695 3262 ego,
729 3176 786 3242 sed
814 3177 892 3260 quid
915 3186 1020 3244 crater
1040 3178 1141 3262 possit

6 3283 7 3300 ¹
97 3267 225 3368 disputo
248 3319 289 3328 —
314 3287 409 3362 atque
431 3281 490 3346 hos
512 3282 625 3363 omnis,
649 3281 704 3362 qui
733 3280 811 3345 artis
843 3281 1015 3346 rhetoricas
1045 3301 1140 3364 expc-

47 3393 188 3466 sonunt,
211 3383 427 3470 perridiculos.
474 3384 615 3450 scribunt
647 3385 732 3449 enim
762 3382 802 3448 de
833 3384 935 3448 litium
965 3402 1083 3466 genere
1110 3389 1142 3447 et

98 3489 139 3554 de
167 3487 333 3574 principiis
363 3495 395 3552 et
425 3486 465 3552 de
494 3488 738 3554 narrationibus.
783 3486 838 3550 illa
867 3487 917 3550 vis
944 3492 1051 3550 autem
1082 3487 1193 3551 61616

100 3593 249 3674 quentiae
272 3598 363 3656 tanta
386 3598 443 3672 est,
467 3598 502 3655 ut
524 3592 664 3656 omnium
679 3612 782 3655 rerum
799 3591 951 3655 virtutum
966 3589 1142 3654 officiorum

99 3698 265 3780 omnisque
288 3703 430 3776 naturae,
453 3714 535 3775 quae
566 3715 670 3760 mores
693 3693 866 3773 hominum,
899 3712 980 3774 quae
1008 3693 1141 3773 animos,

100 3820 181 3882 quae
204 3801 305 3865 vitam
329 3799 479 3878 continet,
503 3797 657 3880 originem
673 3797 738 3861 vim
753 3796 1008 3878 mutationesque
1024 3802 1140 3876 teneat,

1162 984 1200 1038 20

1163 1059 1196 1106 74
