2834 4110
313 215 430 268 LIBER
449 215 486 270 II.
517 216 599 270 CAP.
618 219 730 273 26—27·
761 224 775 282 §
794 220 941 275 110-114.
1105 203 1147 266 99

107 389 138 453 in
160 411 222 472 quo
245 391 336 454 nulla
364 397 469 474 potest
496 411 565 456 esse
587 392 650 456 nisi
674 413 714 456 ex
745 393 895 476 ambiguo
923 394 1146 459 controversia.

105 514 176 558 nam
198 493 278 559 illud
310 494 428 579 ipsum,
460 495 544 576 quod
574 496 768 580 scriptume
791 497 950 561 sententia
980 497 1147 581 discrepat,
1169 509 1202 559 a·

104 618 206 680 genus
234 598 397 681 quoddam
427 599 525 664 habet
554 600 713 684 ambigui,
745 600 830 683 quod
861 607 928 664 tum
961 601 1147 686 explicatur,

106 721 176 766 cum
205 723 244 767 ca
266 704 369 768 verba
397 721 479 784 quae
510 703 624 769 desunt
654 713 807 790 suggesta
837 713 919 786 sunt,
952 707 1065 789 quibus
1095 706 1148 770 ad-

75 805 180 872 editis
214 806 401 872 defenditur
431 809 620 873 sententiam
651 810 760 894 scripti
797 811 998 894 perspicuam
1031 810 1147 894 fuisse,

104 929 144 974 ex
166 912 400 993 contrariisque
425 912 548 996 scriptis
572 913 699 995 siquid
728 902 910 997 ambigitur,
942 935 1005 979 non
1029 935 1148 980 novum

103 1034 204 1096 genus
226 1015 381 1095 nascitur,
406 1014 462 1079 sed
486 1017 657 1101 superioris
679 1018 806 1100 generis
830 1037 926 1083 causa
955 1019 1147 1104 duplicatur;

103 1117 198 1201 idque
219 1126 278 1183 aut
301 1139 476 1200 numquam
499 1119 666 1185 diiudicari
696 1122 811 1205 poterit
840 1128 895 1186 aut
925 1123 970 1187 ita
1000 1122 1149 1188 diiudica-

103 1222 194 1305 bitur,
219 1229 256 1286 ut
278 1222 462 1311 referurulis
482 1224 660 1308 praeteritis
682 1225 789 1290 verbis
812 1225 846 1289 id
869 1226 1029 1310 scriptum,
1053 1226 1149 1309 quod·
1239 1199 1269 1291 s

60 1346 238 1410 iocumque
262 1325 484 1408 defendemus,
508 1330 700 1422 suppleatur.
751 1329 797 1393 ita
818 1328 854 1392 fit
876 1336 912 1394 ut
933 1351 1031 1394 unum
1047 1350 1149 1414 genus

103 1431 135 1495 in
164 1432 204 1498 iis
232 1432 340 1496 causis
373 1451 454 1513 quae
483 1419 619 1517 propter
642 1433 793 1518 scriptum
823 1435 1029 1520 ambiguntur
1058 1435 1150 1500 relin-

104 1543 226 1617 quatur,
259 1536 288 1602 si
319 1543 368 1601 est
400 1538 550 1621 scriptum
573 1538 694 1621 aliquid
724 1538 884 1621 ambigue.
929 1541 1150 1624 ambiguorum
1170 1554 1218 1602 111

103 1652 209 1706 autem
233 1661 309 1705 eum
332 1641 423 1724 plura
456 1661 575 1724 genera
609 1648 691 1724 sunt,
722 1663 806 1724 quae
840 1644 918 1708 mihi
951 1644 1100 1709 videntur
1127 1643 1150 1708 ii

104 1746 216 1812 melius
239 1765 337 1811 nosse
361 1746 414 1828 qui
437 1746 595 1812 dialectici
617 1747 827 1831 appellantur,
860 1747 893 1811 hi
916 1754 1023 1812 autem
1050 1749 1150 1815 nostri

59 1870 86 1916 15
103 1849 261 1932 ignorare,
294 1850 439 1932 quinon
470 1851 575 1915 minus
604 1870 698 1916 nosse
722 1851 870 1933 debeant,
901 1858 969 1916 tum
1001 1851 1078 1915 illud
1102 1858 1150 1917 est

103 1953 398 2035 frequentissimum
421 1954 454 2018 in
478 1955 564 2020 omni
588 1956 817 2020 consuetudine
840 1957 892 2020 vel
915 1956 1068 2021 sermonis
1098 1956 1150 2021 vel

104 2058 223 2142 scripti,
249 2077 321 2122 oum
344 2057 461 2125 idcirco
484 2058 606 2141 aliquid
628 2058 809 2144 ambigitur,
833 2060 918 2141 quod
939 2067 995 2124 aut
1017 2061 1150 2125 verbum

104 2168 161 2225 aut
182 2162 284 2227 verba
307 2162 371 2226 sint
386 2163 619 2246 praetermissa.
658 2163 773 2228 iterum
793 2169 901 2228 autem
916 2170 1060 2248 peccant,
1078 2185 1150 2230 cum
1170 2178 1218 2224 112

103 2285 207 2348 genus
222 2265 283 2330 hoc
306 2285 480 2347 causarum,
505 2265 590 2348 quod
612 2267 646 2331 in
669 2267 777 2353 scripti
799 2266 1060 2351 interpretatione
1082 2289 1150 2334 ver-

57 2388 88 2437 so
106 2375 206 2451 satur,
229 2370 272 2434 ab
295 2370 357 2434 illis
380 2371 494 2452 causis,
521 2371 694 2452 inquibus
724 2370 827 2454 qualis
854 2392 1000 2455 quaeque
1027 2394 1079 2440 res
1109 2373 1150 2438 sit

103 2473 312 2558 disceptatur,-
349 2475 529 2558 seiungunt.
583 2495 740 2557 nusquam
772 2475 856 2539 enim
890 2481 955 2541 tam
989 2480 1151 2560 quaeritur

105 2578 200 2659 quale
223 2578 265 2644 sit
287 2599 389 2661 genus
412 2580 516 2664 ipsum
538 2579 585 2643 rei
608 2600 704 2661 quam
726 2581 760 2644 111
783 2579 910 2664 scripto,
942 2582 1026 2664 quod
1048 2591 1149 2650 totum

104 2702 126 2744 a
149 2680 225 2767 facti
248 2684 465 2749 controversia
487 2690 669 2767 separatum
693 2690 749 2749 est.
795 2682 842 2747 ita
856 2685 917 2749 tria
933 2694 1006 2751 sunt
1022 2687 1149 2752 omnino
1171 2700 1219 2746 113

105 2805 228 2869 genera
250 2807 333 2868 quae
355 2787 388 2851 in
412 2786 674 2874 disceptationem
702 2795 733 2853 et
757 2791 1005 2855 controversiam
1035 2791 1149 2856 cadere
1210 2828 1226 2847 1

55 2915 87 2962 25
105 2874 251 2972 possint:
275 2883 365 2973 ‘quid
386 2892 443 2956 fiat
465 2891 585 2957 factum
607 2892 789 2956 futurumve
812 2889 863 2957 sit’
885 2902 942 2958 aut
969 2888 1076 2978 ‘quale
1098 2890 1149 2958 sit'

105 3000 164 3057 ant
186 2986 260 3076 ‘quc
282 2995 376 3061 modo
399 2989 598 3061 nominetur'.
644 3015 719 3059 nam
750 2995 784 3059 id
814 2995 942 3079 quidem
973 2999 1059 3080 quod
1085 2998 1149 3080 qui-

108 3096 185 3160 dam
207 3098 322 3163 Gracci
344 3098 533 3184 adiungunt,
557 3091 695 3164 ‘rectene
720 3099 839 3163 factum
862 3096 924 3180 sit,²
947 3107 1047 3165 totum
1063 3102 1095 3165 111
1112 3121 1149 3166 eo

109 3207 158 3266 est
181 3193 285 3284 ‘quale
308 3199 368 3268 sit'.
415 3204 473 3270 sed
495 3204 560 3267 iam
590 3203 633 3267 ad
662 3203 841 3269 institutum
870 3212 1011 3270 revertar
1033 3225 1147 3269 meum.
1172 3213 1207 3266 27

213 3306 293 3371 Cum
314 3308 411 3390 igitur
437 3314 575 3392 accepta
605 3329 701 3374 cansa
732 3314 763 3374 et
784 3328 903 3392 genere
935 3309 1060 3392 cognito
1082 3329 1149 3372 rem
1169 3319 1220 3366 114

55 3432 89 3480 eo
109 3415 244 3474 tractare
267 3413 366 3496 coepi,
389 3412 470 3477 nihil
491 3413 578 3497 prius
602 3413 757 3478 constituo
780 3432 876 3495 quam
900 3411 976 3495 quid
998 3412 1039 3476 sit
1060 3411 1149 3493 illud,

110 3533 172 3594 quo
198 3514 277 3579 mihi
304 3515 345 3581 sit
371 3516 542 3582 referunda
569 3516 671 3581 omnis
698 3517 753 3580 illa
775 3515 884 3594 oratio,
909 3536 990 3598 quae
1018 3514 1059 3579 sit
1082 3534 1150 3597 pro-

110 3617 180 3701 pria
201 3620 396 3700 quaestionis
413 3627 444 3684 et
459 3619 577 3684 iudicii.
622 3619 737 3684 deinde
760 3618 815 3682 illa
829 3614 892 3681 duo
907 3617 1150 3702 diligentissime

111 3721 287 3804 considero,
315 3744 446 3806 quorum
475 3722 608 3786 alterum
632 3717 937 3785 commendationem
960 3719 1057 3783 habet
1080 3741 1149 3784 nos·

109 3831 269 3891 tramant
292 3847 399 3892 eorum
422 3845 501 3909 quos
524 3823 734 3902 defendimus,
758 3822 892 3884 alterum
908 3827 956 3886 est
971 3820 1150 3886 adcommo-

960 3922 991 3973 7*
