2836 4114
318 257 428 310 ursan
446 257 498 312 ιιι.
517 256 599 312 cnr.
618 261 729 314 58-59.
760 262 939 322 saro-221.
1081 241 1144 304 229

152 432 265 496 iterum
288 431 446 516 Thyestes
469 418 601 498 Atreum
623 433 834 498 adtractatum
857 432 997 513 advenit,

153 536 266 601 iterum
289 536 351 602 iam
375 535 560 620 adgreditur
581 557 633 602 me
656 539 687 602 et
711 536 851 621 quietum
874 537 1056 603 exsuscitat.

151 641 252 707 maior
274 641 351 706 mihi
373 643 483 724 moles,
507 642 609 708 maius
632 642 859 708 miscendumst
881 643 1008 722 malum,

153 747 206 828 qui
228 747 311 811 illius
333 748 482 812 acerbum
505 751 559 812 cor
582 746 774 812 contundam
798 754 829 811 et
851 747 1064 831 cdmprimam.

78 850 195 916 baliud
217 851 380 936 voluptas:
405 851 549 933 effirsum,
572 852 654 933 lene,
678 858 833 933 tenerum,
856 850 1024 916 hilaratum
1039 871 1077 916 ac
1101 871 1145 916 re-

109 955 252 1020 missum:

153 1058 209 1124 scd
231 1060 292 1125 sibi
315 1080 386 1125 cum
409 1061 512 1126 tetulit
534 1080 681 1125 coronam
704 1060 744 1125 ob
768 1059 952 1144 obligandas
975 1060 1111 1144 nuptias,

152 1163 210 1228 tibi
232 1162 368 1247 ferebat3
393 1168 464 1230 crim
488 1164 658 1230 simulabat
681 1167 716 1230 sb
739 1165 798 1229 sibi
822 1164 885 1229 iam
908 1164 987 1230 facts
1010 1163 1097 1246 dare,

152 1275 218 1333 tum
241 1268 282 1333 ad
305 1275 336 1333 te
358 1253 535 1335 ludibunda
558 1269 648 1334 docte
672 1276 703 1334 et
725 1269 861 1334 delicate
884 1268 1004 1334 detulit.

63 1381 92 1428 10
109 1371 195 1437 aliud
218 1373 378 1438 molestia:
402 1374 470 1439 sine
502 1373 775 1438 commiseratione
798 1392 896 1457 grave
927 1372 1086 1454 quoddam
1116 1380 1147 1438 et

109 1497 172 1541 uno
195 1496 306 1560 pressu
328 1496 367 1541 ac
389 1497 467 1542 sono
490 1477 678 1542 obductum:

153 1583 215 1661 qua
237 1586 424 1664 tempestate
448 1581 603 1646 Helenam
626 1581 715 1646 Paris
741 1582 882 1666 innuptis
897 1582 1002 1646 iunxit
1017 1581 1145 1665 nuptiis,

153 1686 212 1768 ego
234 1691 300 1750 tum
323 1683 466 1768 gravida,
484 1685 619 1768 expletis
634 1685 697 1749 iam
718 1684 784 1750 fere
800 1685 841 1749 ad
857 1683 1044 1769 pariendum
1060 1686 1144 1749 men-

599 1788 704 1871 sibus;

62 1901 90 1948 ¹5
152 1894 208 1976 per
230 1891 317 1957 idem
338 1899 462 1977 tempus
491 1891 683 1976 Polydorum
713 1894 844 1959 Hecuba
874 1897 965 1977 partu
987 1897 1146 1977 postremo

602 1986 709 2080 parit(
1172 2069 1184 2098 Γ

213 2099 324 2166 Omnis
354 2107 461 2167 autem
493 2100 551 2165 hos
581 2108 685 2166 motus
722 2101 872 2184 subsequi
906 2099 1002 2166 debet
1024 2107 1146 2184 gestus,
1166 2068 1216 2190 ἕξ)

110 2225 174 2268 ιιοιι
196 2203 248 2269 hic
270 2205 368 2270 verba
392 2205 575 2289 exprimens
598 2204 772 2286 scaenicus,
796 2203 852 2270 sed
876 2205 1057 2270 universam
1079 2225 1147 2269 rem

109 2313 141 2372 et
163 2308 352 2375 sententiam
375 2329 438 2373 non
462 2307 738 2389 demonstratione,
763 2308 819 2374 sed
842 2307 1073 2392 significatione
1096 2307 1147 2373 de·

59 2422 91 2469 ao
110 2412 242 2494 claraus,
270 2413 403 2478 laterum
433 2411 604 2476 inflexione
634 2412 695 2476 hac
724 2411 797 2477 forti
827 2412 980 2493 acubili,
1011 2433 1075 2477 non
1106 2413 1147 2477 ab

109 2535 226 2580 scaena
248 2522 280 2580 et
302 2516 517 2598 histrionibus
541 2513 598 2581 sed
620 2517 661 2581 ab
685 2517 781 2581 armis
804 2522 859 2580 aut
882 2515 978 2580 etiam
1000 2537 1020 2580 a
1042 2516 1147 2600 palae-

109 2625 182 2684 stra.
228 2640 340 2685 manus
370 2627 476 2686 autem
507 2620 612 2685 minus
645 2627 768 2704 arguta,
803 2619 911 2702 digitis
950 2622 1147 2702 subsequens

108 2724 216 2806 verba,
244 2744 308 2788 non
338 2724 537 2808 exprimens3
570 2723 753 2789 bracchium
783 2723 942 2809 procerius
973 2724 1147 2809 proiectum

110 2827 200 2909 quasi
223 2825 382 2911 quoddam
405 2829 501 2892 telum
525 2829 689 2912 orationis3
712 2828 873 2912 supplosio
896 2826 988 2911 pedis
1010 2828 1042 2892 in
1077 2819 1147 2892 con-

57 2941 91 2988 ‘25
109 2931 303 2996 tentionibus
336 2937 391 2996 aut
424 2931 614 3016 incipiendis
647 2938 702 2996 aut
735 2930 892 2996 finiendis.
939 2930 996 2996 sed
1029 2931 1062 2994 in
1094 2951 1147 2996 ore
1166 2939 1215 2986 221

110 3041 184 3100 sunt
217 3036 332 3100 omnia.
379 3036 411 3100 in
442 3056 480 3101 eo
509 3041 616 3101 autem
650 3036 719 3119 ipso
752 3034 933 3100 dominatus
967 3040 1014 3100 est
1045 3034 1147 3099 omnis

108 3139 286 3223 oculorum;
311 3159 373 3220 quo
396 3140 508 3205 melius
531 3139 629 3204 nostri
656 3138 701 3202 illi
725 3158 828 3219 senes,
859 3138 913 3220 qui
944 3143 1147 3223 personatum

36 3323 38 3328 Ι
108 3264 150 3308 ne
188 3242 336 3308 Roscium
370 3242 497 3324 quidem
535 3263 652 3326 magno
688 3263 784 3327 opere
813 3241 997 3307 laudabant.
1048 3241 1147 3305 animi

109 3352 157 3412 est
188 3347 272 3410 enim
308 3346 410 3411 omnis
440 3347 523 3412 actio
546 3353 578 3411 et
607 3347 713 3429 imago
744 3345 843 3411 animi
876 3345 990 3427 voltus
1025 3343 1147 3409 indices

55 3463 88 3509 ao
107 3449 199 3515 oculi.
246 3470 320 3515 nam
342 3449 422 3514 haec
445 3456 493 3515 est
516 3469 670 3534 unapars
686 3450 824 3534 corporis
840 3468 932 3531 quae,
957 3455 1032 3532 quot
1047 3448 1145 3512 animi

108 3560 210 3619 motus
234 3559 317 3634 sunt,
341 3558 387 3618 tot
417 3553 664 3638 significationes
694 3559 726 3618 et
757 3552 1017 3618 commutationes
1047 3551 1147 3636 possit

108 3656 243 3723 efficere.
290 3675 394 3739 neque
417 3677 493 3722 vero
516 3664 565 3723 est
588 3656 753 3739 quisquam
777 3657 831 3739 qui
854 3655 966 3722 eadem
995 3655 1146 3721 conivens

8 3805 9 3808 ,
110 3761 236 3825 efficiat.
281 3759 520 3843 Theophrastus
544 3760 671 3844 quidem
694 3761 879 3826 Tauriscum
896 3759 1054 3843 quendam
1070 3758 1147 3823 dicit

8 3867 9 3876 ’
107 3869 247 3930 actorem
282 3883 428 3929 aversum
462 3864 587 3928 solitum
622 3883 692 3934 esse
722 3864 837 3946 dicere,
873 3864 926 3946 qui
956 3864 990 3929 in
1020 3861 1145 3946 agendo
