<?xml version="1.0" encoding="UTF-8"?>
<!DOCTYPE html PUBLIC "-//W3C//DTD XHTML 1.0 Transitional//EN"
    "http://www.w3.org/TR/xhtml1/DTD/xhtml1-transitional.dtd">
<html xmlns="http://www.w3.org/1999/xhtml" xml:lang="en" lang="en">
 <head>
  <title>
</title>
<meta http-equiv="Content-Type" content="text/html;charset=utf-8" />
  <meta name='ocr-system' content='tesseract 3.04.00' />
  <meta name='ocr-capabilities' content='ocr_page ocr_carea ocr_par ocr_line ocrx_word'/>
</head>
<body>
  <div class='ocr_page' id='page_1' title='image "./mtulliciceronis21cicegoog_0064.png"; bbox 0 0 2866 4110; ppageno 0'>
   <div class='ocr_carea' id='block_1_1' title="bbox 350 145 1168 238">
    <p class='ocr_par' dir='ltr' id='par_1_1' title="bbox 350 145 1168 238">
     <span class='ocr_line' id='line_1_1' title="bbox 350 145 1168 238; baseline -0.01 -23"><span class='ocrx_word' id='word_1_1' title='bbox 350 161 463 215; x_wconf 75' lang='lat' dir='ltr'>creua</span> <span class='ocrx_word' id='word_1_2' title='bbox 481 163 502 216; x_wconf 90' lang='lat'>1.</span> <span class='ocrx_word' id='word_1_3' title='bbox 533 162 740 218; x_wconf 74' lang='lat' dir='ltr'>cneco-51.</span> <span class='ocrx_word' id='word_1_4' title='bbox 777 163 954 225; x_wconf 70' lang='lat' dir='ltr'>sare-221.</span> <span class='ocrx_word' id='word_1_5' title='bbox 1069 235 1071 238; x_wconf 16' lang='grc' dir='ltr'>Ι</span> <span class='ocrx_word' id='word_1_6' title='bbox 1126 145 1168 207; x_wconf 75' lang='lat'>55</span> 
     </span>
    </p>
   </div>
   <div class='ocr_carea' id='block_1_2' title="bbox 59 333 1247 3810">
    <p class='ocr_par' dir='ltr' id='par_1_2' title="bbox 59 333 1247 3810">
     <span class='ocr_line' id='line_1_2' title="bbox 124 333 1169 419; baseline -0.005 -19"><span class='ocrx_word' id='word_1_7' title='bbox 124 343 168 418; x_wconf 88' lang='lat' dir='ltr'>nt,</span> <span class='ocrx_word' id='word_1_8' title='bbox 193 336 350 419; x_wconf 89' lang='lat' dir='ltr'>quoniam</span> <span class='ocrx_word' id='word_1_9' title='bbox 374 334 499 399; x_wconf 90' lang='lat' dir='ltr'>dicendi</span> <span class='ocrx_word' id='word_1_10' title='bbox 521 335 653 400; x_wconf 79' lang='lat' dir='ltr'><strong>facultas</strong></span> <span class='ocrx_word' id='word_1_11' title='bbox 679 355 744 399; x_wconf 93' lang='lat' dir='ltr'>non</span> <span class='ocrx_word' id='word_1_12' title='bbox 767 333 883 399; x_wconf 89' lang='lat' dir='ltr'>debeat</span> <span class='ocrx_word' id='word_1_13' title='bbox 906 353 974 398; x_wconf 89' lang='lat' dir='ltr'>esse</span> <span class='ocrx_word' id='word_1_14' title='bbox 997 333 1104 397; x_wconf 85' lang='lat' dir='ltr'>ieiuna</span> <span class='ocrx_word' id='word_1_15' title='bbox 1125 339 1169 396; x_wconf 88' lang='lat' dir='ltr'>at-</span> 
     </span>
     <span class='ocr_line' id='line_1_3' title="bbox 128 437 1169 522; baseline -0.005 -18"><span class='ocrx_word' id='word_1_16' title='bbox 128 461 187 522; x_wconf 92' lang='lat' dir='ltr'>que</span> <span class='ocrx_word' id='word_1_17' title='bbox 211 439 312 520; x_wconf 90' lang='lat' dir='ltr'>nuda,</span> <span class='ocrx_word' id='word_1_18' title='bbox 338 437 395 504; x_wconf 88' lang='lat' dir='ltr'>sed</span> <span class='ocrx_word' id='word_1_19' title='bbox 421 459 550 522; x_wconf 82' lang='lat' dir='ltr'>aspersa</span> <span class='ocrx_word' id='word_1_20' title='bbox 576 445 671 520; x_wconf 91' lang='lat' dir='ltr'>atque</span> <span class='ocrx_word' id='word_1_21' title='bbox 699 437 849 502; x_wconf 90' lang='lat' dir='ltr'>distincta</span> <span class='ocrx_word' id='word_1_22' title='bbox 875 438 1043 501; x_wconf 91' lang='lat' dir='ltr'>multarum</span> <span class='ocrx_word' id='word_1_23' title='bbox 1065 455 1169 500; x_wconf 91' lang='lat' dir='ltr'>rerum</span> 
     </span>
     <span class='ocr_line' id='line_1_4' title="bbox 128 538 1170 624; baseline -0.005 -18"><span class='ocrx_word' id='word_1_24' title='bbox 128 541 268 608; x_wconf 85' lang='lat' dir='ltr'>iucunda</span> <span class='ocrx_word' id='word_1_25' title='bbox 297 541 435 624; x_wconf 84' lang='lat' dir='ltr'>quadem</span> <span class='ocrx_word' id='word_1_26' title='bbox 461 542 622 623; x_wconf 87' lang='lat' dir='ltr'>varietate,</span> <span class='ocrx_word' id='word_1_27' title='bbox 647 541 688 607; x_wconf 90' lang='lat' dir='ltr'>sit</span> <span class='ocrx_word' id='word_1_28' title='bbox 714 541 790 605; x_wconf 92' lang='lat' dir='ltr'>boni</span> <span class='ocrx_word' id='word_1_29' title='bbox 816 541 947 605; x_wconf 91' lang='lat' dir='ltr'>oratoris</span> <span class='ocrx_word' id='word_1_30' title='bbox 969 539 1068 603; x_wconf 83' lang='lat' dir='ltr'>multa</span> <span class='ocrx_word' id='word_1_31' title='bbox 1090 538 1170 602; x_wconf 89' lang='lat' dir='ltr'>auri-</span> 
     </span>
     <span class='ocr_line' id='line_1_5' title="bbox 128 642 1170 730; baseline -0.006 -19"><span class='ocrx_word' id='word_1_32' title='bbox 128 647 188 711; x_wconf 86' lang='lat' dir='ltr'>bus</span> <span class='ocrx_word' id='word_1_33' title='bbox 203 645 381 730; x_wconf 89' lang='lat' dir='ltr'>accepisse,</span> <span class='ocrx_word' id='word_1_34' title='bbox 397 646 495 709; x_wconf 83' lang='lat' dir='ltr'>multa</span> <span class='ocrx_word' id='word_1_35' title='bbox 517 645 644 726; x_wconf 90' lang='lat' dir='ltr'>vidisse,</span> <span class='ocrx_word' id='word_1_36' title='bbox 666 645 764 709; x_wconf 91' lang='lat' dir='ltr'>multa</span> <span class='ocrx_word' id='word_1_37' title='bbox 786 644 891 708; x_wconf 89' lang='lat' dir='ltr'>animo</span> <span class='ocrx_word' id='word_1_38' title='bbox 915 650 946 708; x_wconf 90' lang='lat' dir='ltr'>et</span> <span class='ocrx_word' id='word_1_39' title='bbox 969 642 1170 725; x_wconf 80' lang='lat' dir='ltr'>cogitatione,</span> 
     </span>
     <span class='ocr_line' id='line_1_6' title="bbox 93 747 1171 832; baseline -0.006 -17"><span class='ocrx_word' id='word_1_40' title='bbox 93 751 230 815; x_wconf 75' lang='lat' dir='ltr'>emulta</span> <span class='ocrx_word' id='word_1_41' title='bbox 264 749 366 813; x_wconf 86' lang='lat' dir='ltr'>etiam</span> <span class='ocrx_word' id='word_1_42' title='bbox 400 747 533 831; x_wconf 89' lang='lat' dir='ltr'>legendo</span> <span class='ocrx_word' id='word_1_43' title='bbox 566 747 813 832; x_wconf 81' lang='lat' dir='ltr'>percucurrisse,</span> <span class='ocrx_word' id='word_1_44' title='bbox 843 767 947 828; x_wconf 92' lang='lat' dir='ltr'>neque</span> <span class='ocrx_word' id='word_1_45' title='bbox 976 767 1015 811; x_wconf 90' lang='lat' dir='ltr'>ea</span> <span class='ocrx_word' id='word_1_46' title='bbox 1048 751 1082 809; x_wconf 90' lang='lat' dir='ltr'>ut</span> <span class='ocrx_word' id='word_1_47' title='bbox 1113 765 1171 810; x_wconf 90' lang='lat' dir='ltr'>sua</span> 
     </span>
     <span class='ocr_line' id='line_1_7' title="bbox 129 848 1170 936; baseline -0.003 -20"><span class='ocrx_word' id='word_1_48' title='bbox 129 851 324 936; x_wconf 91' lang='lat' dir='ltr'>possedisse,</span> <span class='ocrx_word' id='word_1_49' title='bbox 349 848 405 915; x_wconf 90' lang='lat' dir='ltr'>sed</span> <span class='ocrx_word' id='word_1_50' title='bbox 427 858 461 914; x_wconf 91' lang='lat' dir='ltr'>ut</span> <span class='ocrx_word' id='word_1_51' title='bbox 483 851 588 916; x_wconf 91' lang='lat' dir='ltr'>aliena</span> <span class='ocrx_word' id='word_1_52' title='bbox 610 850 735 916; x_wconf 82' lang='lat' dir='ltr'>libasse.</span> <span class='ocrx_word' id='word_1_53' title='bbox 780 849 883 914; x_wconf 88' lang='lat' dir='ltr'>fateor</span> <span class='ocrx_word' id='word_1_54' title='bbox 911 849 995 913; x_wconf 90' lang='lat' dir='ltr'>enirn</span> <span class='ocrx_word' id='word_1_55' title='bbox 1022 848 1170 913; x_wconf 91' lang='lat' dir='ltr'>callidum</span> 
     </span>
     <span class='ocr_line' id='line_1_8' title="bbox 130 950 1172 1037; baseline -0.004 -17"><span class='ocrx_word' id='word_1_56' title='bbox 130 953 293 1037; x_wconf 89' lang='lat' dir='ltr'>quendam</span> <span class='ocrx_word' id='word_1_57' title='bbox 325 951 410 1016; x_wconf 90' lang='lat' dir='ltr'>hunc</span> <span class='ocrx_word' id='word_1_58' title='bbox 439 961 470 1017; x_wconf 90' lang='lat' dir='ltr'>et</span> <span class='ocrx_word' id='word_1_59' title='bbox 500 954 586 1018; x_wconf 91' lang='lat' dir='ltr'>nulla</span> <span class='ocrx_word' id='word_1_60' title='bbox 615 955 647 1017; x_wconf 92' lang='lat' dir='ltr'>in</span> <span class='ocrx_word' id='word_1_61' title='bbox 677 974 711 1017; x_wconf 89' lang='lat' dir='ltr'>re</span> <span class='ocrx_word' id='word_1_62' title='bbox 742 953 875 1017; x_wconf 91' lang='lat' dir='ltr'>tironem</span> <span class='ocrx_word' id='word_1_63' title='bbox 905 973 942 1017; x_wconf 86' lang='lat' dir='ltr'>ac</span> <span class='ocrx_word' id='word_1_64' title='bbox 971 950 1082 1016; x_wconf 91' lang='lat' dir='ltr'>rudem</span> <span class='ocrx_word' id='word_1_65' title='bbox 1111 971 1172 1016; x_wconf 92' lang='lat' dir='ltr'>nec</span> 
     </span>
     <span class='ocr_line' id='line_1_9' title="bbox 129 1055 1148 1142; baseline -0.009 -19"><span class='ocrx_word' id='word_1_66' title='bbox 129 1058 336 1142; x_wconf 85' lang='lat' dir='ltr'>peregrinum</span> <span class='ocrx_word' id='word_1_67' title='bbox 360 1062 455 1139; x_wconf 91' lang='lat' dir='ltr'>atque</span> <span class='ocrx_word' id='word_1_68' title='bbox 477 1056 634 1140; x_wconf 85' lang='lat' dir='ltr'>hospitem</span> <span class='ocrx_word' id='word_1_69' title='bbox 657 1057 689 1120; x_wconf 92' lang='lat' dir='ltr'>in</span> <span class='ocrx_word' id='word_1_70' title='bbox 712 1055 838 1139; x_wconf 79' lang='lat' dir='ltr'>egendo</span> <span class='ocrx_word' id='word_1_71' title='bbox 862 1075 931 1121; x_wconf 90' lang='lat' dir='ltr'>esse</span> <span class='ocrx_word' id='word_1_72' title='bbox 954 1055 1078 1121; x_wconf 88' lang='lat' dir='ltr'>debere.</span> <span class='ocrx_word' id='word_1_73' title='bbox 1144 1105 1148 1114; x_wconf 91' lang='lat'>.</span> 
     </span>
     <span class='ocr_line' id='line_1_10' title="bbox 216 1158 1172 1244; baseline -0.001 -20"><span class='ocrx_word' id='word_1_74' title='bbox 216 1161 334 1242; x_wconf 86' lang='lat' dir='ltr'>Neque</span> <span class='ocrx_word' id='word_1_75' title='bbox 365 1179 439 1224; x_wconf 89' lang='lat' dir='ltr'>vero</span> <span class='ocrx_word' id='word_1_76' title='bbox 468 1160 537 1224; x_wconf 89' lang='lat' dir='ltr'>istis</span> <span class='ocrx_word' id='word_1_77' title='bbox 568 1159 739 1244; x_wconf 87' lang='lat' dir='ltr'>tragoediis</span> <span class='ocrx_word' id='word_1_78' title='bbox 767 1159 839 1239; x_wconf 87' lang='lat' dir='ltr'>tuis,</span> <span class='ocrx_word' id='word_1_79' title='bbox 863 1159 977 1240; x_wconf 88' lang='lat' dir='ltr'>quibus</span> <span class='ocrx_word' id='word_1_80' title='bbox 1004 1159 1049 1223; x_wconf 91' lang='lat' dir='ltr'>uti</span> <span class='ocrx_word' id='word_1_81' title='bbox 1075 1158 1172 1242; x_wconf 91' lang='lat' dir='ltr'>philo·</span> 
     </span>
     <span class='ocr_line' id='line_1_11' title="bbox 78 1261 1171 1347; baseline -0.003 -19"><span class='ocrx_word' id='word_1_82' title='bbox 78 1281 112 1330; x_wconf 93' lang='lat'>10</span> <span class='ocrx_word' id='word_1_83' title='bbox 131 1264 223 1347; x_wconf 92' lang='lat' dir='ltr'>sophi</span> <span class='ocrx_word' id='word_1_84' title='bbox 246 1263 389 1327; x_wconf 91' lang='lat' dir='ltr'>maxime</span> <span class='ocrx_word' id='word_1_85' title='bbox 412 1263 522 1344; x_wconf 90' lang='lat' dir='ltr'>solent,</span> <span class='ocrx_word' id='word_1_86' title='bbox 540 1263 662 1343; x_wconf 80' lang='lat' dir='ltr'>Crasse,</span> <span class='ocrx_word' id='word_1_87' title='bbox 682 1263 856 1345; x_wconf 89' lang='lat' dir='ltr'>perturbor,</span> <span class='ocrx_word' id='word_1_88' title='bbox 878 1261 962 1343; x_wconf 91' lang='lat' dir='ltr'>quod</span> <span class='ocrx_word' id='word_1_89' title='bbox 984 1262 1030 1326; x_wconf 92' lang='lat' dir='ltr'>ita</span> <span class='ocrx_word' id='word_1_90' title='bbox 1052 1261 1171 1344; x_wconf 81' lang='lat' dir='ltr'>dixisti,</span> 
     </span>
     <span class='ocr_line' id='line_1_12' title="bbox 130 1363 1172 1448; baseline -0.002 -18"><span class='ocrx_word' id='word_1_91' title='bbox 130 1368 294 1431; x_wconf 88' lang='lat' dir='ltr'>neminem</span> <span class='ocrx_word' id='word_1_92' title='bbox 324 1384 419 1448; x_wconf 87' lang='lat' dir='ltr'>posse</span> <span class='ocrx_word' id='word_1_93' title='bbox 451 1385 556 1431; x_wconf 90' lang='lat' dir='ltr'>eorum</span> <span class='ocrx_word' id='word_1_94' title='bbox 586 1366 701 1431; x_wconf 91' lang='lat' dir='ltr'>mentis</span> <span class='ocrx_word' id='word_1_95' title='bbox 724 1364 777 1447; x_wconf 93' lang='lat' dir='ltr'>qui</span> <span class='ocrx_word' id='word_1_96' title='bbox 804 1363 951 1429; x_wconf 86' lang='lat' dir='ltr'>audirent</span> <span class='ocrx_word' id='word_1_97' title='bbox 977 1373 1032 1429; x_wconf 91' lang='lat' dir='ltr'>aut</span> <span class='ocrx_word' id='word_1_98' title='bbox 1054 1364 1172 1429; x_wconf 92' lang='lat' dir='ltr'>inflam-</span> 
     </span>
     <span class='ocr_line' id='line_1_13' title="bbox 131 1467 1172 1551; baseline -0.001 -19"><span class='ocrx_word' id='word_1_99' title='bbox 131 1490 219 1534; x_wconf 87' lang='lat' dir='ltr'>mare</span> <span class='ocrx_word' id='word_1_100' title='bbox 231 1467 370 1534; x_wconf 93' lang='lat' dir='ltr'>dicendo</span> <span class='ocrx_word' id='word_1_101' title='bbox 386 1475 441 1532; x_wconf 91' lang='lat' dir='ltr'>aut</span> <span class='ocrx_word' id='word_1_102' title='bbox 455 1469 668 1534; x_wconf 87' lang='lat' dir='ltr'>inflammatas</span> <span class='ocrx_word' id='word_1_103' title='bbox 683 1469 888 1551; x_wconf 81' lang='lat' dir='ltr'>restinguere,</span> <span class='ocrx_word' id='word_1_104' title='bbox 901 1487 972 1532; x_wconf 89' lang='lat' dir='ltr'>cum</span> <span class='ocrx_word' id='word_1_105' title='bbox 985 1489 1022 1532; x_wconf 93' lang='lat' dir='ltr'>eo</span> <span class='ocrx_word' id='word_1_106' title='bbox 1034 1468 1172 1532; x_wconf 82' lang='lat' dir='ltr'>maxime</span> 
     </span>
     <span class='ocr_line' id='line_1_14' title="bbox 130 1571 1173 1654; baseline -0.003 -18"><span class='ocrx_word' id='word_1_107' title='bbox 130 1573 181 1636; x_wconf 85' lang='lat' dir='ltr'>vis</span> <span class='ocrx_word' id='word_1_108' title='bbox 195 1571 331 1636; x_wconf 89' lang='lat' dir='ltr'>oratoris</span> <span class='ocrx_word' id='word_1_109' title='bbox 346 1572 594 1654; x_wconf 84' lang='lat' dir='ltr'>magnitudoque</span> <span class='ocrx_word' id='word_1_110' title='bbox 611 1577 765 1652; x_wconf 86' lang='lat' dir='ltr'>comatur,</span> <span class='ocrx_word' id='word_1_111' title='bbox 777 1571 839 1635; x_wconf 91' lang='lat' dir='ltr'>nisi</span> <span class='ocrx_word' id='word_1_112' title='bbox 852 1571 904 1653; x_wconf 95' lang='lat' dir='ltr'>qui</span> <span class='ocrx_word' id='word_1_113' title='bbox 916 1590 1020 1635; x_wconf 91' lang='lat' dir='ltr'>rerum</span> <span class='ocrx_word' id='word_1_114' title='bbox 1033 1571 1173 1635; x_wconf 91' lang='lat' dir='ltr'>omnium</span> 
     </span>
     <span class='ocr_line' id='line_1_15' title="bbox 132 1674 1173 1756; baseline -0.004 -18"><span class='ocrx_word' id='word_1_115' title='bbox 132 1681 295 1755; x_wconf 88' lang='lat' dir='ltr'>naturam,</span> <span class='ocrx_word' id='word_1_116' title='bbox 326 1694 428 1738; x_wconf 92' lang='lat' dir='ltr'>mores</span> <span class='ocrx_word' id='word_1_117' title='bbox 461 1675 622 1739; x_wconf 91' lang='lat' dir='ltr'>hominum</span> <span class='ocrx_word' id='word_1_118' title='bbox 652 1681 748 1755; x_wconf 84' lang='lat' dir='ltr'>atque</span> <span class='ocrx_word' id='word_1_119' title='bbox 780 1674 920 1738; x_wconf 86' lang='lat' dir='ltr'>rationes</span> <span class='ocrx_word' id='word_1_120' title='bbox 949 1674 1076 1756; x_wconf 90' lang='lat' dir='ltr'>penitus</span> <span class='ocrx_word' id='word_1_121' title='bbox 1105 1692 1173 1756; x_wconf 90' lang='lat' dir='ltr'>per·</span> 
     </span>
     <span class='ocr_line' id='line_1_16' title="bbox 82 1776 1173 1861; baseline -0.005 -18"><span class='ocrx_word' id='word_1_122' title='bbox 82 1779 284 1860; x_wconf 67' lang='lat' dir='ltr'>aspexerit,</span> <span class='ocrx_word' id='word_1_123' title='bbox 309 1777 342 1840; x_wconf 94' lang='lat' dir='ltr'>in</span> <span class='ocrx_word' id='word_1_124' title='bbox 367 1797 428 1858; x_wconf 94' lang='lat' dir='ltr'>quo</span> <span class='ocrx_word' id='word_1_125' title='bbox 451 1777 650 1861; x_wconf 90' lang='lat' dir='ltr'>philosophia</span> <span class='ocrx_word' id='word_1_126' title='bbox 673 1777 714 1842; x_wconf 90' lang='lat' dir='ltr'>sit</span> <span class='ocrx_word' id='word_1_127' title='bbox 736 1777 850 1841; x_wconf 91' lang='lat' dir='ltr'>oratori</span> <span class='ocrx_word' id='word_1_128' title='bbox 877 1778 1054 1841; x_wconf 88' lang='lat' dir='ltr'>necessario</span> <span class='ocrx_word' id='word_1_129' title='bbox 1077 1776 1173 1860; x_wconf 90' lang='lat' dir='ltr'>perci-</span> 
     </span>
     <span class='ocr_line' id='line_1_17' title="bbox 133 1879 1173 1964; baseline -0.002 -20"><span class='ocrx_word' id='word_1_130' title='bbox 133 1880 265 1964; x_wconf 91' lang='lat' dir='ltr'>pienda:</span> <span class='ocrx_word' id='word_1_131' title='bbox 287 1901 348 1962; x_wconf 92' lang='lat' dir='ltr'>quo</span> <span class='ocrx_word' id='word_1_132' title='bbox 364 1881 398 1944; x_wconf 93' lang='lat' dir='ltr'>in</span> <span class='ocrx_word' id='word_1_133' title='bbox 414 1880 517 1946; x_wconf 91' lang='lat' dir='ltr'>studio</span> <span class='ocrx_word' id='word_1_134' title='bbox 532 1881 694 1946; x_wconf 92' lang='lat' dir='ltr'>hominum</span> <span class='ocrx_word' id='word_1_135' title='bbox 711 1900 835 1962; x_wconf 90' lang='lat' dir='ltr'>quoque</span> <span class='ocrx_word' id='word_1_136' title='bbox 850 1879 1173 1962; x_wconf 87' lang='lat' dir='ltr'>ingeniosissimorum</span> 
     </span>
     <span class='ocr_line' id='line_1_18' title="bbox 136 1983 1172 2066; baseline -0.002 -18"><span class='ocrx_word' id='word_1_137' title='bbox 136 1985 457 2066; x_wconf 87' lang='lat' dir='ltr'>otiosissimorumque</span> <span class='ocrx_word' id='word_1_138' title='bbox 483 1992 564 2050; x_wconf 91' lang='lat' dir='ltr'>totas</span> <span class='ocrx_word' id='word_1_139' title='bbox 591 1991 713 2050; x_wconf 91' lang='lat' dir='ltr'>aetates</span> <span class='ocrx_word' id='word_1_140' title='bbox 735 1983 880 2050; x_wconf 87' lang='lat' dir='ltr'>videmus</span> <span class='ocrx_word' id='word_1_141' title='bbox 908 2003 978 2048; x_wconf 90' lang='lat' dir='ltr'>esse</span> <span class='ocrx_word' id='word_1_142' title='bbox 1006 1983 1172 2066; x_wconf 89' lang='lat' dir='ltr'>contritas;</span> 
     </span>
     <span class='ocr_line' id='line_1_19' title="bbox 112 2086 1173 2172; baseline -0.001 -21"><span class='ocrx_word' id='word_1_143' title='bbox 112 2107 268 2169; x_wconf 87' lang='lat' dir='ltr'>quorum</span> <span class='ocrx_word' id='word_1_144' title='bbox 292 2108 351 2172; x_wconf 90' lang='lat' dir='ltr'>ego</span> <span class='ocrx_word' id='word_1_145' title='bbox 374 2089 497 2172; x_wconf 88' lang='lat' dir='ltr'>copiam</span> <span class='ocrx_word' id='word_1_146' title='bbox 524 2088 838 2172; x_wconf 86' lang='lat' dir='ltr'>magnitudinemque</span> <span class='ocrx_word' id='word_1_147' title='bbox 866 2086 1053 2170; x_wconf 87' lang='lat' dir='ltr'>cognitionis</span> <span class='ocrx_word' id='word_1_148' title='bbox 1079 2095 1173 2168; x_wconf 89' lang='lat' dir='ltr'>atque</span> 
     </span>
     <span class='ocr_line' id='line_1_20' title="bbox 137 2191 1175 2273; baseline -0.001 -19"><span class='ocrx_word' id='word_1_149' title='bbox 137 2192 212 2256; x_wconf 89' lang='lat' dir='ltr'>artis</span> <span class='ocrx_word' id='word_1_150' title='bbox 242 2212 307 2258; x_wconf 93' lang='lat' dir='ltr'>non</span> <span class='ocrx_word' id='word_1_151' title='bbox 339 2191 432 2256; x_wconf 89' lang='lat' dir='ltr'>modo</span> <span class='ocrx_word' id='word_1_152' title='bbox 462 2213 525 2258; x_wconf 95' lang='lat' dir='ltr'>non</span> <span class='ocrx_word' id='word_1_153' title='bbox 558 2199 735 2273; x_wconf 91' lang='lat' dir='ltr'>contemno,</span> <span class='ocrx_word' id='word_1_154' title='bbox 767 2191 942 2257; x_wconf 90' lang='lat' dir='ltr'>sedetiam</span> <span class='ocrx_word' id='word_1_155' title='bbox 969 2191 1175 2256; x_wconf 88' lang='lat' dir='ltr'>vehementer</span> 
     </span>
     <span class='ocr_line' id='line_1_21' title="bbox 84 2293 1174 2379; baseline 0.003 -24"><span class='ocrx_word' id='word_1_156' title='bbox 84 2308 119 2356; x_wconf 79' lang='lat' dir='ltr'>ao</span> <span class='ocrx_word' id='word_1_157' title='bbox 138 2293 291 2378; x_wconf 88' lang='lat' dir='ltr'>admiror;</span> <span class='ocrx_word' id='word_1_158' title='bbox 320 2295 413 2360; x_wconf 90' lang='lat' dir='ltr'>nobis</span> <span class='ocrx_word' id='word_1_159' title='bbox 440 2302 557 2376; x_wconf 89' lang='lat' dir='ltr'>tamen,</span> <span class='ocrx_word' id='word_1_160' title='bbox 589 2298 642 2378; x_wconf 91' lang='lat' dir='ltr'>qui</span> <span class='ocrx_word' id='word_1_161' title='bbox 670 2296 703 2360; x_wconf 96' lang='lat' dir='ltr'>in</span> <span class='ocrx_word' id='word_1_162' title='bbox 718 2295 786 2360; x_wconf 71' lang='lat' dir='ltr'>&#39;hoo</span> <span class='ocrx_word' id='word_1_163' title='bbox 813 2296 929 2379; x_wconf 92' lang='lat' dir='ltr'>populo</span> <span class='ocrx_word' id='word_1_164' title='bbox 952 2295 1083 2378; x_wconf 88' lang='lat' dir='ltr'>foroque</span> <span class='ocrx_word' id='word_1_165' title='bbox 1106 2314 1174 2359; x_wconf 87' lang='lat' dir='ltr'>ver·</span> 
     </span>
     <span class='ocr_line' id='line_1_22' title="bbox 139 2398 1176 2478; baseline 0.001 -18"><span class='ocrx_word' id='word_1_166' title='bbox 139 2417 252 2478; x_wconf 88' lang='lat' dir='ltr'>samur,</span> <span class='ocrx_word' id='word_1_167' title='bbox 285 2398 362 2462; x_wconf 90' lang='lat' dir='ltr'>satis</span> <span class='ocrx_word' id='word_1_168' title='bbox 394 2404 441 2462; x_wconf 87' lang='lat' dir='ltr'>est</span> <span class='ocrx_word' id='word_1_169' title='bbox 472 2419 510 2463; x_wconf 93' lang='lat' dir='ltr'>ea</span> <span class='ocrx_word' id='word_1_170' title='bbox 542 2398 581 2463; x_wconf 90' lang='lat' dir='ltr'>de</span> <span class='ocrx_word' id='word_1_171' title='bbox 611 2399 751 2464; x_wconf 90' lang='lat' dir='ltr'>moribus</span> <span class='ocrx_word' id='word_1_172' title='bbox 782 2398 945 2463; x_wconf 90' lang='lat' dir='ltr'>hominum</span> <span class='ocrx_word' id='word_1_173' title='bbox 977 2406 1009 2464; x_wconf 91' lang='lat' dir='ltr'>et</span> <span class='ocrx_word' id='word_1_174' title='bbox 1036 2400 1116 2465; x_wconf 91' lang='lat' dir='ltr'>seire</span> <span class='ocrx_word' id='word_1_175' title='bbox 1143 2404 1176 2462; x_wconf 90' lang='lat' dir='ltr'>et</span> 
     </span>
     <span class='ocr_line' id='line_1_23' title="bbox 59 2499 1243 2582; baseline -0.004 -18"><span class='ocrx_word' id='word_1_176' title='bbox 59 2523 62 2528; x_wconf 45' lang='lat'><em>¹</em></span> <span class='ocrx_word' id='word_1_177' title='bbox 139 2499 253 2581; x_wconf 90' lang='lat' dir='ltr'>dicere,</span> <span class='ocrx_word' id='word_1_178' title='bbox 282 2520 364 2582; x_wconf 91' lang='lat' dir='ltr'>quae</span> <span class='ocrx_word' id='word_1_179' title='bbox 387 2521 452 2566; x_wconf 92' lang='lat' dir='ltr'>non</span> <span class='ocrx_word' id='word_1_180' title='bbox 475 2501 646 2568; x_wconf 90' lang='lat' dir='ltr'>abhorrent</span> <span class='ocrx_word' id='word_1_181' title='bbox 667 2503 708 2566; x_wconf 89' lang='lat' dir='ltr'>ab</span> <span class='ocrx_word' id='word_1_182' title='bbox 735 2501 897 2566; x_wconf 90' lang='lat' dir='ltr'>hominum</span> <span class='ocrx_word' id='word_1_183' title='bbox 920 2504 1069 2568; x_wconf 91' lang='lat' dir='ltr'>moribus.</span> <span class='ocrx_word' id='word_1_184' title='bbox 1105 2501 1175 2582; x_wconf 91' lang='lat' dir='ltr'>quis</span> <span class='ocrx_word' id='word_1_185' title='bbox 1194 2513 1243 2562; x_wconf 82' lang='lat'>220</span> 
     </span>
     <span class='ocr_line' id='line_1_24' title="bbox 139 2603 1174 2688; baseline 0.001 -22"><span class='ocrx_word' id='word_1_186' title='bbox 139 2603 222 2667; x_wconf 89' lang='lat' dir='ltr'>enim</span> <span class='ocrx_word' id='word_1_187' title='bbox 253 2623 404 2685; x_wconf 90' lang='lat' dir='ltr'>umquam</span> <span class='ocrx_word' id='word_1_188' title='bbox 434 2611 539 2668; x_wconf 85' lang='lat' dir='ltr'>orator</span> <span class='ocrx_word' id='word_1_189' title='bbox 568 2625 704 2687; x_wconf 88' lang='lat' dir='ltr'>magnus</span> <span class='ocrx_word' id='word_1_190' title='bbox 735 2610 768 2668; x_wconf 92' lang='lat' dir='ltr'>et</span> <span class='ocrx_word' id='word_1_191' title='bbox 797 2605 920 2688; x_wconf 89' lang='lat' dir='ltr'>gravis,</span> <span class='ocrx_word' id='word_1_192' title='bbox 955 2625 1027 2670; x_wconf 91' lang='lat' dir='ltr'>oum</span> <span class='ocrx_word' id='word_1_193' title='bbox 1060 2605 1174 2669; x_wconf 89' lang='lat' dir='ltr'>iratum</span> 
     </span>
     <span class='ocr_line' id='line_1_25' title="bbox 138 2700 1175 2788; baseline 0 -20"><span class='ocrx_word' id='word_1_194' title='bbox 138 2703 320 2770; x_wconf 83' lang='lat' dir='ltr'>adversario</span> <span class='ocrx_word' id='word_1_195' title='bbox 349 2700 490 2771; x_wconf 76' lang='lat' dir='ltr'>&#39;iudicem</span> <span class='ocrx_word' id='word_1_196' title='bbox 531 2707 636 2771; x_wconf 89' lang='lat' dir='ltr'>facere</span> <span class='ocrx_word' id='word_1_197' title='bbox 676 2707 785 2788; x_wconf 89' lang='lat' dir='ltr'>vellet,</span> <span class='ocrx_word' id='word_1_198' title='bbox 819 2707 989 2774; x_wconf 84' lang='lat' dir='ltr'>haesitavit</span> <span class='ocrx_word' id='word_1_199' title='bbox 1026 2709 1066 2773; x_wconf 92' lang='lat' dir='ltr'>ob</span> <span class='ocrx_word' id='word_1_200' title='bbox 1105 2726 1175 2770; x_wconf 91' lang='lat' dir='ltr'>eam</span> 
     </span>
     <span class='ocr_line' id='line_1_26' title="bbox 89 2807 1175 2891; baseline 0.004 -23"><span class='ocrx_word' id='word_1_201' title='bbox 89 2821 121 2868; x_wconf 80' lang='lat' dir='ltr'>ac</span> <span class='ocrx_word' id='word_1_202' title='bbox 140 2826 265 2872; x_wconf 88' lang='lat' dir='ltr'>causam</span> <span class='ocrx_word' id='word_1_203' title='bbox 300 2807 384 2890; x_wconf 91' lang='lat' dir='ltr'>quod</span> <span class='ocrx_word' id='word_1_204' title='bbox 418 2809 554 2873; x_wconf 90' lang='lat' dir='ltr'>nesciret</span> <span class='ocrx_word' id='word_1_205' title='bbox 588 2809 664 2891; x_wconf 93' lang='lat' dir='ltr'>quid</span> <span class='ocrx_word' id='word_1_206' title='bbox 699 2816 783 2873; x_wconf 85' lang='lat' dir='ltr'>esset</span> <span class='ocrx_word' id='word_1_207' title='bbox 816 2808 995 2891; x_wconf 88' lang='lat' dir='ltr'>iracundia,</span> <span class='ocrx_word' id='word_1_208' title='bbox 1029 2810 1175 2874; x_wconf 85' lang='lat' dir='ltr'>fervorne</span> 
     </span>
     <span class='ocr_line' id='line_1_27' title="bbox 139 2910 1174 2996; baseline 0.001 -23"><span class='ocrx_word' id='word_1_209' title='bbox 139 2911 252 2975; x_wconf 85' lang='lat' dir='ltr'>mentis</span> <span class='ocrx_word' id='word_1_210' title='bbox 274 2931 316 2975; x_wconf 91' lang='lat' dir='ltr'>an</span> <span class='ocrx_word' id='word_1_211' title='bbox 340 2910 497 2994; x_wconf 88' lang='lat' dir='ltr'>cupiditas</span> <span class='ocrx_word' id='word_1_212' title='bbox 520 2911 673 2995; x_wconf 92' lang='lat' dir='ltr'>puniendi</span> <span class='ocrx_word' id='word_1_213' title='bbox 696 2911 838 2978; x_wconf 78' lang='lat' dir='ltr'>doloris?</span> <span class='ocrx_word' id='word_1_214' title='bbox 863 2914 942 2996; x_wconf 93' lang='lat' dir='ltr'>quis,</span> <span class='ocrx_word' id='word_1_215' title='bbox 968 2933 1039 2979; x_wconf 90' lang='lat' dir='ltr'>cum</span> <span class='ocrx_word' id='word_1_216' title='bbox 1056 2919 1174 2976; x_wconf 90' lang='lat' dir='ltr'>ceteros</span> 
     </span>
     <span class='ocr_line' id='line_1_28' title="bbox 140 3013 1175 3100; baseline 0.003 -26"><span class='ocrx_word' id='word_1_217' title='bbox 140 3014 314 3078; x_wconf 87' lang='lat' dir='ltr'>animorum</span> <span class='ocrx_word' id='word_1_218' title='bbox 341 3021 445 3078; x_wconf 87' lang='lat' dir='ltr'>motus</span> <span class='ocrx_word' id='word_1_219' title='bbox 472 3021 525 3078; x_wconf 90' lang='lat' dir='ltr'>aut</span> <span class='ocrx_word' id='word_1_220' title='bbox 552 3014 709 3079; x_wconf 91' lang='lat' dir='ltr'>iudicibus</span> <span class='ocrx_word' id='word_1_221' title='bbox 737 3023 793 3080; x_wconf 90' lang='lat' dir='ltr'>aut</span> <span class='ocrx_word' id='word_1_222' title='bbox 815 3016 931 3100; x_wconf 92' lang='lat' dir='ltr'>populo</span> <span class='ocrx_word' id='word_1_223' title='bbox 959 3013 1094 3080; x_wconf 89' lang='lat' dir='ltr'>dicendo</span> <span class='ocrx_word' id='word_1_224' title='bbox 1121 3014 1175 3078; x_wconf 92' lang='lat' dir='ltr'>mi-</span> 
     </span>
     <span class='ocr_line' id='line_1_29' title="bbox 141 3116 1175 3203; baseline 0.001 -24"><span class='ocrx_word' id='word_1_225' title='bbox 141 3133 225 3180; x_wconf 90' lang='lat' dir='ltr'>scere</span> <span class='ocrx_word' id='word_1_226' title='bbox 248 3123 344 3198; x_wconf 91' lang='lat' dir='ltr'>atque</span> <span class='ocrx_word' id='word_1_227' title='bbox 376 3117 498 3200; x_wconf 87' lang='lat' dir='ltr'>agitare</span> <span class='ocrx_word' id='word_1_228' title='bbox 528 3118 633 3198; x_wconf 87' lang='lat' dir='ltr'>vellet,</span> <span class='ocrx_word' id='word_1_229' title='bbox 665 3137 704 3182; x_wconf 90' lang='lat' dir='ltr'>ea</span> <span class='ocrx_word' id='word_1_230' title='bbox 726 3116 808 3182; x_wconf 85' lang='lat' dir='ltr'>dixit</span> <span class='ocrx_word' id='word_1_231' title='bbox 831 3139 912 3200; x_wconf 91' lang='lat' dir='ltr'>quae</span> <span class='ocrx_word' id='word_1_232' title='bbox 936 3139 957 3181; x_wconf 91' lang='lat' dir='ltr'>a</span> <span class='ocrx_word' id='word_1_233' title='bbox 979 3117 1175 3203; x_wconf 89' lang='lat' dir='ltr'>philosophis</span> 
     </span>
     <span class='ocr_line' id='line_1_30' title="bbox 143 3215 1176 3304; baseline 0.005 -24"><span class='ocrx_word' id='word_1_234' title='bbox 143 3215 200 3281; x_wconf 92' lang='lat' dir='ltr'>dici</span> <span class='ocrx_word' id='word_1_235' title='bbox 223 3219 345 3284; x_wconf 80' lang='lat' dir='ltr'>solent?</span> <span class='ocrx_word' id='word_1_236' title='bbox 370 3220 423 3300; x_wconf 92' lang='lat' dir='ltr'>qui</span> <span class='ocrx_word' id='word_1_237' title='bbox 446 3220 561 3303; x_wconf 85' lang='lat' dir='ltr'>partim</span> <span class='ocrx_word' id='word_1_238' title='bbox 584 3221 712 3285; x_wconf 89' lang='lat' dir='ltr'>omnino</span> <span class='ocrx_word' id='word_1_239' title='bbox 736 3228 839 3286; x_wconf 88' lang='lat' dir='ltr'>motus</span> <span class='ocrx_word' id='word_1_240' title='bbox 862 3227 983 3304; x_wconf 87' lang='lat' dir='ltr'>negant</span> <span class='ocrx_word' id='word_1_241' title='bbox 1005 3223 1038 3286; x_wconf 93' lang='lat' dir='ltr'>in</span> <span class='ocrx_word' id='word_1_242' title='bbox 1061 3220 1176 3285; x_wconf 91' lang='lat' dir='ltr'>animis</span> 
     </span>
     <span class='ocr_line' id='line_1_31' title="bbox 95 3319 1177 3405; baseline 0.008 -27"><span class='ocrx_word' id='word_1_243' title='bbox 95 3330 126 3380; x_wconf 79' lang='lat' dir='ltr'>eo</span> <span class='ocrx_word' id='word_1_244' title='bbox 143 3319 216 3385; x_wconf 88' lang='lat' dir='ltr'>ullos</span> <span class='ocrx_word' id='word_1_245' title='bbox 240 3341 310 3386; x_wconf 89' lang='lat' dir='ltr'>esse</span> <span class='ocrx_word' id='word_1_246' title='bbox 333 3320 460 3402; x_wconf 91' lang='lat' dir='ltr'>debere,</span> <span class='ocrx_word' id='word_1_247' title='bbox 485 3323 601 3405; x_wconf 91' lang='lat' dir='ltr'>quique</span> <span class='ocrx_word' id='word_1_248' title='bbox 625 3344 678 3389; x_wconf 93' lang='lat' dir='ltr'>eos</span> <span class='ocrx_word' id='word_1_249' title='bbox 701 3323 735 3385; x_wconf 93' lang='lat' dir='ltr'>in</span> <span class='ocrx_word' id='word_1_250' title='bbox 758 3323 898 3389; x_wconf 90' lang='lat' dir='ltr'>iudicum</span> <span class='ocrx_word' id='word_1_251' title='bbox 921 3323 1082 3388; x_wconf 89' lang='lat' dir='ltr'>mentibus</span> <span class='ocrx_word' id='word_1_252' title='bbox 1105 3343 1177 3387; x_wconf 92' lang='lat' dir='ltr'>con-</span> 
     </span>
     <span class='ocr_line' id='line_1_32' title="bbox 143 3421 1179 3510; baseline 0.006 -29"><span class='ocrx_word' id='word_1_253' title='bbox 143 3421 244 3505; x_wconf 90' lang='lat' dir='ltr'>citent,</span> <span class='ocrx_word' id='word_1_254' title='bbox 268 3424 371 3489; x_wconf 90' lang='lat' dir='ltr'>scelus</span> <span class='ocrx_word' id='word_1_255' title='bbox 395 3443 448 3488; x_wconf 90' lang='lat' dir='ltr'>eos</span> <span class='ocrx_word' id='word_1_256' title='bbox 470 3424 627 3489; x_wconf 88' lang='lat' dir='ltr'>nefarium</span> <span class='ocrx_word' id='word_1_257' title='bbox 654 3425 774 3510; x_wconf 79' lang='lat' dir='ltr'>facere3</span> <span class='ocrx_word' id='word_1_258' title='bbox 798 3426 923 3508; x_wconf 85' lang='lat' dir='ltr'>partim,</span> <span class='ocrx_word' id='word_1_259' title='bbox 952 3427 1006 3506; x_wconf 92' lang='lat' dir='ltr'>qui</span> <span class='ocrx_word' id='word_1_260' title='bbox 1033 3422 1179 3488; x_wconf 90' lang='lat' dir='ltr'>tolerabi-</span> 
     </span>
     <span class='ocr_line' id='line_1_33' title="bbox 143 3521 1177 3609; baseline 0.006 -24"><span class='ocrx_word' id='word_1_261' title='bbox 143 3521 230 3592; x_wconf 88' lang='lat' dir='ltr'>hores</span> <span class='ocrx_word' id='word_1_262' title='bbox 252 3527 363 3592; x_wconf 87' lang='lat' dir='ltr'>volunt</span> <span class='ocrx_word' id='word_1_263' title='bbox 392 3545 462 3591; x_wconf 89' lang='lat' dir='ltr'>esse</span> <span class='ocrx_word' id='word_1_264' title='bbox 492 3533 523 3591; x_wconf 89' lang='lat' dir='ltr'>et</span> <span class='ocrx_word' id='word_1_265' title='bbox 551 3528 592 3592; x_wconf 89' lang='lat' dir='ltr'>ad</span> <span class='ocrx_word' id='word_1_266' title='bbox 622 3529 790 3593; x_wconf 87' lang='lat' dir='ltr'>veritatem</span> <span class='ocrx_word' id='word_1_267' title='bbox 820 3529 906 3592; x_wconf 87' lang='lat' dir='ltr'>vitae</span> <span class='ocrx_word' id='word_1_268' title='bbox 937 3525 1066 3609; x_wconf 88' lang='lat' dir='ltr'>propius</span> <span class='ocrx_word' id='word_1_269' title='bbox 1090 3546 1177 3590; x_wconf 91' lang='lat' dir='ltr'>acce·</span> 
     </span>
     <span class='ocr_line' id='line_1_34' title="bbox 143 3623 1177 3714; baseline 0.005 -26"><span class='ocrx_word' id='word_1_270' title='bbox 143 3623 221 3709; x_wconf 89' lang='lat' dir='ltr'>dere,</span> <span class='ocrx_word' id='word_1_271' title='bbox 251 3628 477 3714; x_wconf 89' lang='lat' dir='ltr'>permediocris</span> <span class='ocrx_word' id='word_1_272' title='bbox 507 3649 545 3694; x_wconf 90' lang='lat' dir='ltr'>ao</span> <span class='ocrx_word' id='word_1_273' title='bbox 576 3632 681 3714; x_wconf 91' lang='lat' dir='ltr'>potius</span> <span class='ocrx_word' id='word_1_274' title='bbox 707 3629 788 3694; x_wconf 89' lang='lat' dir='ltr'>levis</span> <span class='ocrx_word' id='word_1_275' title='bbox 818 3635 921 3693; x_wconf 88' lang='lat' dir='ltr'>motus</span> <span class='ocrx_word' id='word_1_276' title='bbox 955 3627 1072 3692; x_wconf 90' lang='lat' dir='ltr'>debere</span> <span class='ocrx_word' id='word_1_277' title='bbox 1107 3649 1177 3693; x_wconf 91' lang='lat' dir='ltr'>esse</span> 
     </span>
     <span class='ocr_line' id='line_1_35' title="bbox 143 3725 1247 3810; baseline 0.005 -20"><span class='ocrx_word' id='word_1_278' title='bbox 143 3725 254 3796; x_wconf 89' lang='lat' dir='ltr'>dicunt.</span> <span class='ocrx_word' id='word_1_279' title='bbox 312 3737 416 3796; x_wconf 90' lang='lat' dir='ltr'>orator</span> <span class='ocrx_word' id='word_1_280' title='bbox 449 3737 555 3796; x_wconf 88' lang='lat' dir='ltr'>autem</span> <span class='ocrx_word' id='word_1_281' title='bbox 589 3732 696 3796; x_wconf 90' lang='lat' dir='ltr'>omnia</span> <span class='ocrx_word' id='word_1_282' title='bbox 730 3730 809 3794; x_wconf 89' lang='lat' dir='ltr'>haec</span> <span class='ocrx_word' id='word_1_283' title='bbox 843 3746 923 3808; x_wconf 91' lang='lat' dir='ltr'>quae</span> <span class='ocrx_word' id='word_1_284' title='bbox 957 3731 1109 3810; x_wconf 88' lang='lat' dir='ltr'>putantur</span> <span class='ocrx_word' id='word_1_285' title='bbox 1142 3729 1175 3793; x_wconf 94' lang='lat' dir='ltr'>in</span> <span class='ocrx_word' id='word_1_286' title='bbox 1195 3749 1247 3796; x_wconf 76' lang='lat' dir='ltr'>aar</span> 
     </span>
    </p>
   </div>
   <div class='ocr_carea' id='block_1_3' title="bbox 1198 1137 1233 1190">
    <p class='ocr_par' dir='ltr' id='par_1_3' title="bbox 1198 1137 1233 1190">
     <span class='ocr_line' id='line_1_36' title="bbox 1198 1137 1233 1190; baseline -0.029 0"><span class='ocrx_word' id='word_1_287' title='bbox 1198 1137 1233 1190; x_wconf 73' lang='lat'>51</span> 
     </span>
    </p>
   </div>
   <div class='ocr_carea' id='block_1_4' title="bbox 0 0 1451 4110">
    <p class='ocr_par' dir='ltr' id='par_1_4' title="bbox 0 0 1451 4110">
     <span class='ocr_line' id='line_1_37' title="bbox 0 0 1451 4110; baseline 0 0"><span class='ocrx_word' id='word_1_288' title='bbox 0 0 1451 4110; x_wconf 95' lang='lat' dir='ltr'> </span> 
     </span>
    </p>
   </div>
  </div>
 </body>
</html>
