2834 4110
296 201 356 264 146
498 218 610 272 LIBER
628 218 665 272 11.
697 217 778 271 CAP.
792 219 904 274 69-70.
942 222 956 280 ἓ
975 219 1121 274 280-285.

292 392 355 457 illis
395 391 507 457 litteris
548 391 709 456 declarari.
760 384 847 473 ‘quid
882 385 996 474 ergo?
1038 389 1143 472 inquit
1180 389 1327 455 Scaurus:

294 488 458 561 ‘Aemilius
480 496 566 576 fecit,
589 496 735 579 plectitur
757 491 915 559 Rutilius?

223 569 272 690 ξέοι
397 599 552 665 Ridentur
575 600 670 664 etiam
693 599 925 683 discrepantia:
950 591 1036 680 ‘quid
1059 597 1134 663 huic
1156 599 1246 663 abest
1266 595 1329 660 nisi

292 723 343 768 res
374 709 405 768 et
434 704 534 768 virtus
543 699 571 767 ?‘
605 702 689 767 bella
723 703 819 766 etiam
851 707 899 768 est
932 701 1096 767 familiaris
1129 698 1330 784 reprehensio

293 808 384 888 quasi
408 808 558 892 errantis;
582 813 617 871 ut
633 826 703 871 cum
727 806 907 890 obiurgavit
922 805 1050 870 Albium
1067 805 1213 884 Granius,
1236 801 1365 886 quoda

293 929 363 974 eum
387 910 454 975 eius
470 909 586 974 tabulis
602 908 754 992 quiddam
768 909 810 973 ab
827 909 958 974 Albucio
973 908 1142 992 probatum
1161 906 1331 983 videretur,

294 1009 346 1098 [et]
370 1012 463 1076 valde
487 1013 630 1077 absoluto
654 1012 809 1079 Scaevola
831 1011 985 1095 gauderet
1007 1031 1112 1093 neque
1134 1011 1331 1093 intellegeret

223 1126 273 1174 282
293 1120 402 1180 eontra
433 1135 506 1180 suas
541 1117 665 1181 tabulas
700 1135 770 1181 esse
805 1114 988 1179 iudicatum.
1035 1114 1109 1178 huie
1143 1114 1253 1180 similis
1283 1118 1333 1176 cst

293 1217 389 1281 etiam
412 1218 586 1284 admonitio
615 1220 649 1283 in
679 1219 809 1284 consilio
840 1217 946 1284 dando
980 1218 1162 1301 familiaris3
1198 1222 1231 1282 ut
1261 1236 1332 1281 eum

292 1327 425 1404 patrono
448 1322 541 1402 malo,
566 1343 636 1386 cum
660 1342 772 1387 vocem
795 1322 827 1386 in
851 1321 986 1386 dicendo
1010 1320 1196 1401 obtudisset,
1225 1319 1383 1385 suade-10

294 1424 348 1487 bat
370 1424 508 1489 Granius
532 1431 566 1489 ut
588 1426 725 1491 mulsum
742 1425 893 1508 frigidum
909 1426 1040 1508 biberet,
1058 1424 1190 1489 simulac
1206 1423 1333 1488 domum

293 1525 443 1592 redisset:
468 1520 621 1612 ‘perdam'
643 1528 746 1610 inquit
769 1522 900 1611 ‘vocem
925 1529 951 1593 si
978 1527 1010 1593 id
1040 1524 1164 1593 fecero'.
1211 1520 1334 1591 ‘melius

223 1641 274 1689 aas
294 1627 352 1694 est‘
374 1631 476 1714 inquit
506 1624 613 1714 ‘quam
643 1627 753 1696 reum.³
798 1632 916 1696 bellum
948 1632 1042 1696 etiam
1067 1638 1124 1712 est,
1156 1650 1228 1695 eum
1258 1627 1333 1712 quid

293 1734 406 1817 cuique
429 1736 471 1800 sit
494 1742 741 1800 consentaneum
761 1733 905 1819 dicitur:
937 1742 971 1799 ut
1001 1755 1072 1798 cum
1103 1735 1241 1800 Scaurus
1270 1752 1334 1797 non

293 1839 411 1903 nullam
435 1839 566 1904 haberet
588 1838 742 1903 invidiam
774 1859 815 1902 ex
840 1858 886 1919 eo,
916 1837 999 1920 quod
1022 1837 1215 1921 Phrygionis
1246 1839 1334 1902 Pom·
1355 1851 1383 1897 15

293 1944 356 2026 peii
378 1943 543 2026 locupletis
566 1940 702 2006 hominis
726 1941 811 2006 bona
834 1942 903 2006 sine
924 1948 1114 2007 testamento
1137 1941 1333 2025 possederat,

293 2046 479 2128 sederetque
503 2045 677 2110 advocatus
707 2065 760 2110 reo
783 2045 921 2126 Bestiae,
953 2065 1023 2109 cum
1054 2044 1150 2109 sunus
1174 2044 1334 2126 quoddam

293 2149 468 2229 duceretur,
493 2156 658 2214 accusator
689 2150 723 2215 C.
744 2149 912 2214 Memmius
934 2142 1031 2212 ‘vide'
1061 2148 1164 2230 inquit
1194 2141 1333 2228 ‘Scauro

224 2263 275 2310 284
293 2260 433 2319 mortuus
469 2253 597 2336 rapitur,
629 2253 655 2318 si
685 2258 775 2336 potes
808 2272 877 2317 esse
908 2248 1091 2336 possessor.³
1136 2251 1193 2316 scd
1222 2273 1264 2317 eu
1287 2252 1335 2316 his

293 2357 439 2420 omnibus
474 2355 553 2419 nihil
584 2356 686 2440 magis
724 2355 845 2419 ridetur
880 2376 973 2437 quarn
1013 2353 1096 2437 quod
1127 2361 1175 2419 est
1209 2362 1336 2438 praeter
1353 2369 1382 2416 no

294 2459 559 2541 expectationem.
607 2459 695 2522 cuius
725 2458 970 2522 innumerabilia
1001 2465 1073 2522 sunt
1108 2460 1268 2541 exempla,
1303 2466 1336 2522 ut

293 2561 389 2644 Appii
422 2561 549 2625 maioris
583 2561 676 2642 illius,
713 2561 768 2642 qui
796 2561 829 2626 in
864 2568 984 2641 senatu,
1018 2580 1088 2625 cum
1119 2568 1269 2643 ageretur
1296 2562 1336 2626 de

293 2665 378 2747 agris
401 2665 536 2748 publicis
560 2664 654 2731 etde
678 2665 749 2748 lege
771 2664 888 2731 Thoria
919 2671 950 2729 et
972 2671 1166 2749 premeretur
1194 2665 1336 2730 Lucilius

292 2770 333 2833 ab
357 2769 397 2833 iis
420 2768 473 2850 qui
498 2790 519 2833 a
541 2789 654 2852 pecore
678 2769 746 2834 eius
770 2768 899 2852 depasci
914 2789 1007 2853 agros
1023 2767 1166 2852 publicos
1182 2767 1336 2848 dicerent,

285 2865 367 2936 .‘n0n
392 2868 451 2936 est’
474 2872 577 2955 inquit
599 2865 711 2936 ‘Lucili
734 2891 831 2956 pecus
845 2871 941 2956 illud;
959 2869 1080 2936 erratis'
1103 2871 1337 2939 —defendere
1355 2887 1382 2935 aa

293 2976 447 3040 Lucilium
487 2963 655 3040 videbatur
697 3014 739 3022 —
773 2968 856 3058 ‘ego'
873 2976 1007 3040 liberum
1037 2982 1113 3059 puto
1148 2995 1237 3040 esse:
1274 2997 1337 3059 qua

224 3087 275 3137 285
293 3079 370 3144 libet
404 3074 565 3162 pasoitur.³
617 3080 722 3163 placet
757 3079 852 3143 etiam
889 3079 966 3143 mihi
1003 3078 1080 3143 illud
1112 3078 1272 3162 Scipionis
1305 3081 1337 3144 il-

294 3183 353 3247 lius
395 3183 448 3264 qui
479 3183 526 3247 Ti.
556 3183 734 3248 Gracchum
768 3182 917 3266 perculit:
961 3202 1032 3246 cum
1067 3183 1097 3246 ei
1130 3182 1172 3245 M.
1201 3183 1337 3249 Flaccus

294 3287 400 3352 multis
422 3287 545 3371 probris
568 3287 699 3352 obiectis
714 3288 748 3351 P.
766 3286 903 3350 Mucium
920 3284 1056 3350 iudicem
1073 3285 1207 3366 tulisset,
1229 3279 1337 3352 ‘ciero'

293 3391 395 3472 inquit
418 3383 555 3473 ‘iniquus
586 3387 662 3474 est3'
696 3410 767 3454 cum
799 3395 883 3453 esset
912 3388 1191 3468 admurmuratum,
1224 3383 1265 3453 ‘a'
1293 3391 1336 3454 iu·
1355 3407 1381 3454 ac

294 3494 362 3576 quit
384 3487 428 3558 Ῥ.
448 3494 492 3574 O,
517 3514 580 3558 non
612 3513 671 3577 ego
702 3492 779 3557 mihi
808 3492 894 3556 illum
925 3492 1068 3574 iniquum
1099 3493 1192 3573 eiero,
1225 3514 1336 3560 verum

294 3592 462 3662 omnibus'
506 3598 546 3662 ab
570 3597 629 3662 hoc
652 3617 727 3661 vero
751 3597 865 3662 Crasso
889 3595 966 3660 nihil
997 3596 1148 3661 facetius:
1181 3617 1253 3661 oum
1277 3600 1337 3663 lae-

295 3701 386 3766 sisset
410 3701 499 3766 testis
523 3701 606 3766 Silus
629 3702 788 3782 Pisonem,
813 3700 898 3782 quod
920 3721 954 3765 se
977 3700 1010 3764 in
1034 3721 1105 3765 eum
1136 3700 1266 3767 audisse
1293 3702 1337 3767 di-

295 3804 404 3883 xisset,
433 3797 546 3888 ‘potest
574 3801 652 3870 tieri'
682 3804 784 3887 inquit
811 3797 895 3885 ‘Sile
927 3810 960 3868 ut
982 3805 1009 3868 is
1037 3804 1121 3868 unde
1149 3793 1188 3869 te¹
1208 3805 1336 3872 audisse
