2836 4114
292 193 354 258 164
518 209 630 265 LIBER
642 210 679 264 II.
704 208 786 266 CAP.
800 212 911 266 86-87.
937 211 1110 272 §ssa-356.

290 383 379 447 illum
403 382 529 449 sordide
545 381 699 450 Simonidi
722 382 844 448 dixisse
867 403 901 448 se
925 381 1092 448 dimidium
1116 382 1186 448 eius
1203 383 1233 448 ei
1250 384 1343 466 quod
1405 381 1406 488 l

290 494 402 570 pactus
426 495 510 553 esset
532 507 588 570 pro
611 487 663 550 illo
686 486 826 550 carmine
849 486 1013 570 daturum3
1045 486 1203 569 reliquum
1226 507 1247 552 a
1272 489 1344 554 suis

290 589 513 672 Tyndaridis,
519 610 598 672 quos
612 609 715 672 aeque
730 589 891 654 laudasset
878 595 1050 674 t,peteret,
1071 589 1098 654 si
1114 611 1144 655 er
1134 589 1341 656 videretur.
1405 581 1406 584 ¹

220 706 270 754 soa
289 693 384 777 paulo
407 701 478 777 post
501 714 571 759 esse
594 693 698 758 ferunt
725 694 906 758 nuntiatum
936 692 1091 758 Simonidi
1120 699 1156 758 ut
1180 694 1341 779 prodiret,
1405 777 1406 786 ἵ

289 797 422 862 iuvenes
446 803 530 862 stare
552 795 594 860 ad
616 795 746 860 ianuam
770 796 832 860 duo
856 795 1020 878 quosdam,
1045 796 1099 878 qui
1122 817 1196 862 eum
1217 819 1341 882 magno
1360 807 1375 854 5

290 921 384 983 opere
408 907 575 981 vocarent3
604 899 780 965 surrexisse
810 900 907 979 illum,
941 899 1095 983 prodisse,
1126 899 1251 967 vidisse
1287 923 1342 968 ne-

290 1003 417 1067 minem.
464 1002 524 1068 hoc
546 1003 673 1067 interim
697 1003 800 1085 spatio
816 1004 967 1068 conclave
988 1002 1065 1068 illud
1081 1004 1137 1068 ubi
1153 1004 1342 1087 epularetur

290 1107 409 1189 Scopas
422 1105 614 1189 concidisse,
628 1125 666 1170 ea
678 1105 769 1170 ruina
781 1106 884 1190 ipsum
897 1127 967 1171 cum
984 1107 1127 1190 cognatis
1147 1126 1342 1191 oppressum

291 1209 356 1274 suis
387 1209 541 1274 interisse.
588 1230 667 1291 quos
691 1229 762 1273 cum
784 1209 916 1274 humare
938 1210 1057 1275 vellent
1080 1210 1129 1274 sui
1144 1231 1253 1292 neque
1269 1233 1341 1296 pos-

291 1318 361 1378 sent
384 1313 516 1378 obtritos
544 1313 757 1378 internoscere
788 1313 851 1377 ullo
874 1312 978 1394 modo,
1009 1312 1190 1379 Simonides
1221 1313 1392 1380 dicitur10

291 1436 331 1482 ex
348 1435 395 1496 eo,
413 1415 497 1498 quod
513 1417 710 1481 meminisset
725 1436 787 1498 quo
804 1436 911 1480 eornm
926 1417 995 1482 loco
1011 1416 1145 1499 quisque
1162 1418 1339 1500 cubuisset,

291 1519 521 1586 demonstrator
543 1519 637 1584 unius
661 1520 814 1602 cuiusque
838 1519 1015 1603 sepdiendi
1030 1519 1136 1584 fuisse.
1184 1520 1340 1586 hactum

289 1644 323 1689 re
347 1623 527 1689 admonitus
550 1623 712 1688 invenisse
735 1623 835 1687 fertur
857 1621 1000 1688 ordinem
1023 1643 1092 1688 esse
1116 1623 1259 1688 maxime
1283 1625 1340 1707 qui

221 1739 271 1787 354
289 1727 460 1792 memoriae
482 1728 589 1791 lumen
611 1725 758 1790 adferret.
805 1725 914 1808 itaque
944 1726 984 1790 iis
1015 1725 1068 1807 qui
1099 1726 1182 1791 hano
1210 1734 1339 1811 partem

290 1831 411 1914 ingenii
436 1837 621 1895 exercerent
644 1830 729 1894 locos
752 1849 823 1894 esse
846 1828 1019 1913 capiendos
1042 1836 1075 1894 et
1097 1850 1135 1894 ea
1165 1850 1250 1911 quae
1273 1839 1388 1896 me-15

289 1933 389 2000 moria
412 1942 520 1999 tenere
540 1933 658 1998 vellent
681 1931 866 2014 effingenda
888 1933 994 1997 animo
1017 1939 1113 2014 atque
1137 1933 1169 1997 in
1193 1933 1236 2000 iis
1258 1935 1338 2000 locis

292 2037 504 2120 conlocanda;
540 2037 585 2101 sic
616 2035 749 2102 foret
715 2042 749 2100 ut
779 2035 922 2100 ordinem
952 2055 1056 2100 rerum
1087 2037 1228 2101 locorum
1259 2038 1338 2103 ordo

253 2147 501 2270 conservaret,
525 2161 576 2206 res
598 2146 653 2204 aut
655 2161 705 2204 em
728 2140 815 2222 ipsas
837 2159 942 2204 rerum
959 2139 1082 2223 effigies
1097 2146 1274 2206 notaretat
1238 2149 1337 2224 atque

221 2217 325 2338 3⁸55ut
312 2245 424 2310 tloois
447 2265 503 2328 pro
527 2265 609 2324 cera,
633 2243 809 2309 simulacris
839 2242 968 2327 prolitt
970 2243 1032 2308 eris
1063 2249 1232 2309 ut.eremur
1281 2246 1337 2327 qui

291 2349 330 2413 sit
346 2355 451 2413 autem
469 2348 583 2413 oratori
599 2347 769 2413 memoriae
785 2345 866 2410 fruct
854 2353 904 2410 tus
908 2353 1030 2427 ,tquan
1031 2366 1051 2410 a
1018 2347 1195 2427 tutilitas,
1213 2355 1336 2430 quanta
1354 2356 1386 2404 20

290 2452 350 2531 vis,
374 2451 451 2532 quid
480 2471 531 2515 me
560 2450 674 2516 attinet
704 2449 835 2515 dicere?
868 2457 977 2514 tenere
1009 2469 1091 2531 quae
1123 2449 1275 2518 didiceris
1301 2454 1336 2518 in

188 2545 201 2570 ⁹
290 2553 477 2638 accipienda
500 2572 605 2634 eausa,
628 2574 710 2636 quae
732 2554 802 2637 ipse
826 2552 999 2636 cogitaris?
1022 2554 1124 2619 omnis
1150 2552 1233 2620 fixas
1263 2577 1336 2622 esse

290 2659 323 2723 in
346 2659 453 2723 animo
477 2659 675 2723 sententias?
699 2678 825 2722 omnem
848 2656 1033 2740 discriptum
1048 2657 1217 2723 verborum
1237 2679 1335 2744 appa·

290 2761 418 2827 ratum?
452 2761 498 2824 ita
530 2761 640 2826 audire
675 2761 726 2825 vel
757 2782 828 2826 eum
857 2760 943 2825 unde
973 2760 1078 2826 discas
1105 2761 1157 2826 vel
1185 2782 1258 2827 eum
1283 2763 1335 2828 cui

290 2864 547 2949 respondendum
575 2866 624 2946 sit,
653 2873 688 2930 ut
710 2865 754 2929 illi
785 2886 849 2930 non
879 2864 1047 2931 infundere
1080 2865 1114 2930 in
1141 2866 1228 2932 auris
1261 2874 1334 2933 tuas
1352 2873 1383 2922 25

291 2969 475 3051 orationem,
507 2968 563 3035 sed
594 2970 627 3034 in
658 2970 763 3035 animo
794 2969 963 3034 videantur
992 2969 1189 3034 inscribere?
1223 2971 1334 3054 itaque
1405 3055 1406 3062 ἵ

291 3075 349 3140 soli
371 3073 424 3157 qni
448 3075 600 3139 memoria
622 3075 733 3158 vigent
756 3075 859 3140 sciunt
882 3073 959 3156 quid
982 3081 1013 3139 et
1036 3080 1192 3155 quatenus
1215 3081 1247 3140 et
1271 3096 1333 3159 quo

290 3179 383 3244 modo
419 3177 533 3243 dicturi
571 3179 643 3259 sint,
682 3177 758 3261 quid
794 3177 1024 3261 responderint,
1064 3177 1140 3260 quid
1177 3180 1332 3264 supersit3

292 3284 459 3365 eidemque
488 3282 586 3347 multa
615 3302 656 3347 ex
691 3282 761 3347 aliis
791 3283 894 3346 causis
923 3280 1096 3362 aliquando
1131 3301 1151 3344 a
1181 3301 1216 3347 se
1250 3290 1331 3364 aeta,

222 3395 272 3445 seo
291 3388 390 3452 multa
421 3387 460 3450 ab
498 3386 568 3451 aliis
605 3385 715 3450 audita
752 3385 970 3449 meminerunt.
1017 3404 1081 3466 qua
1113 3404 1147 3448 re
1181 3385 1333 3451 confiteor
1350 3393 1379 3441 3⁰

292 3489 439 3571 equidem
469 3489 561 3553 huius
591 3489 666 3553 boni
696 3494 843 3552 naturam
874 3507 944 3552 esse
970 3487 1146 3570 principem
1179 3525 1219 3534 -
1251 3489 1332 3554 sicut

292 3611 398 3655 earum
423 3611 527 3656 rerum
550 3592 591 3656 de
614 3591 729 3673 quibus
751 3599 827 3654 ante
849 3590 971 3655 locutus
994 3610 1064 3654 sum
1087 3592 1244 3676 omnium;
1274 3592 1331 3658 sed

291 3693 372 3757 haec
403 3713 455 3758 ars
484 3701 551 3758 tota
582 3692 725 3772 dicendi,
761 3693 828 3757 sive
862 3693 940 3757 artis
973 3692 1079 3774 imago
1110 3692 1268 3775 quaedam
1300 3701 1331 3758 et

293 3794 462 3858 similitudo
478 3803 535 3874 est,
552 3795 649 3860 habet
664 3794 747 3859 hanc
762 3795 837 3875 vim,
861 3815 925 3858 non
940 3801 975 3858 ut
991 3799 1090 3858 totum
1105 3795 1226 3877 aliquid
1243 3798 1331 3862 ouius
