2836 4114
383 214 496 268 LIBER
509 215 560 270 ΙΙΙ.
586 213 669 268 CAP.
683 218 719 288 1..
731 218 745 278 ξ
759 217 834 269 1—4.
1066 199 1127 262 169

169 667 218 760 n.
239 667 393 760 runn
422 628 691 762 oronnours
718 669 787 760 nn
814 668 1050 762 canrosa

436 835 563 901 LIBER
586 835 777 902 TERTIUS.

1146 983 1161 1032 1

193 1007 375 1072 Instituenti
398 1008 485 1088 mihi,
511 1007 628 1085 Quinte
651 1008 758 1089 frater,
782 1029 854 1073 eum
884 1029 1060 1075 sermonem
1082 1030 1161 1101 00-1

89 1108 172 1174 ferre
194 1117 225 1175 et
246 1110 398 1176 mandare
427 1111 501 1175 huic
530 1112 622 1176 tertio
653 1112 742 1192 libro,
774 1132 868 1193 quem
897 1120 970 1196 post
998 1113 1128 1178 Antonii

89 1213 336 1298 disputationem
360 1216 492 1281 Crassus
515 1215 689 1296 habuisset,
713 1217 828 1281 acerba
853 1236 930 1281 sane
953 1217 1127 1284 recordatio

87 1323 229 1384 veterem
261 1319 359 1384 animi
370 1339 520 1402 Q.
544 1320 783 1402 molestiamque
820 1324 997 1386 renovavit.
1054 1343 1128 1385 nam

54 1432 68 1479 5
87 1420 168 1486 illud
189 1423 421 1488 immortalitate
445 1423 577 1507 dignum
599 1423 773 1506 ingenium,
797 1423 851 1487 illa
866 1424 1058 1506 humanitas,
1075 1425 1129 1488 illa

87 1526 189 1591 virtus
210 1527 246 1591 L.
264 1527 370 1592 Crassi
392 1535 492 1592 morte
515 1528 658 1592 extincta
681 1528 785 1592 subita
809 1535 856 1591 est
871 1529 928 1592 vix
949 1528 1062 1594 diebus
1077 1527 1129 1593 de·
1153 1571 1156 1591 ,

89 1650 159 1694 cern
181 1637 250 1714 post
273 1650 346 1695 cum
368 1629 453 1695 diem
477 1631 531 1712 qui
554 1629 613 1694 hoc
637 1636 668 1695 et
692 1630 851 1713 superiore
882 1630 962 1695 libro
990 1633 1129 1695 contiue-

87 1740 147 1796 tur.
192 1740 226 1799 ut
256 1734 341 1798 enim
363 1735 496 1798 Romam
526 1734 619 1798 rediit
651 1741 792 1798 extremo
829 1731 974 1798 ludorum
1010 1733 1162 1798 scaeui-2

89 1857 196 1902 corum
218 1838 281 1917 die,
304 1837 510 1904 vehementer
532 1843 705 1902 commotus
728 1837 869 1902 oratione
893 1857 1029 1919 eaquae
1050 1836 1127 1901 1000-

42 1941 182 2004 robatur
203 1940 313 2005 habita
336 1960 405 2006 esse
428 1941 461 2005 in
485 1941 631 2006 contione
654 1961 674 2004 a
696 1940 853 2024 Philippo,
885 1960 979 2021 quem
1006 1939 1127 2004 dixisse

88 2045 252 2110 constabat
276 2043 458 2110 ‘videndum
482 2044 542 2109 sibi
566 2064 636 2109 esse
651 2043 738 2109 aliud
754 2043 930 2123 consilium,
946 2043 999 2107 illo
1016 2050 1128 2108 senatu

88 2169 122 2212 00
145 2167 210 2212 rem
234 2147 393 2232 publicam
415 2167 527 2231 gerere
549 2168 614 2211 non
641 2151 754 2232 posse',
787 2166 882 2210 mane
912 2147 1023 2212 Idibus
1054 2147 1128 2229 Sep-

88 2251 263 2317 tembribus
286 2258 317 2315 et
339 2251 391 2316 ille
421 2258 453 2316 et
483 2258 612 2316 senatus
643 2252 794 2334 frequens
825 2256 939 2316 vocatu
969 2249 1065 2314 Drusi
1094 2250 1128 2313 in

90 2355 208 2420 curiam
232 2355 329 2420 venit.
368 2355 413 2419 ibi
436 2375 509 2418 cum
524 2355 649 2421 Drusus
665 2354 764 2420 multa
780 2352 820 2417 de
835 2352 983 2438 Philippo
999 2359 1129 2436 questus

44 2470 69 2516 15
89 2466 181 2539 esset,
205 2459 325 2524 rettulit
355 2457 397 2522 ad
426 2464 571 2523 senatum
603 2458 643 2524 de
676 2460 728 2523 illo
763 2458 841 2541 ipso,
877 2456 962 2539 qnod
992 2459 1026 2523 in
1057 2463 1128 2523 eum

12 2579 13 2590 ¹
87 2562 231 2628 ordinem
254 2562 451 2626 consultam
474 2563 614 2645 graviter
637 2563 670 2626 in
694 2563 839 2628 contione
863 2569 947 2628 00001
973 2563 1128 2627 invectus.

87 2667 149 2746 hic,
172 2673 207 2730 ut
231 2682 328 2750 saepe
350 2666 433 2729 iuter
455 2665 600 2730 homines
624 2666 875 2750 sapientissimos
892 2673 1036 2731 constare
1052 2664 1129 2745 vidi,
1149 2673 1164 2720 3

89 2789 282 2853 quamquam
304 2768 365 2832 hoc
387 2769 511 2849 Crasso,
536 2789 609 2832 cum
632 2768 752 2851 aliquid
774 2769 957 2834 adcuratius
985 2769 1129 2849 dixisset,

89 2893 213 2957 semper
235 2873 303 2938 fere
327 2872 520 2956 contigisset,
545 2879 579 2937 ut
602 2893 774 2954 numquam
798 2872 919 2939 dixisse
943 2875 1055 2938 melius
1077 2893 1131 2955 pn-

12 2963 13 2978 *
46 2986 72 3035 ao
90 2982 218 3058 tarctur,
242 2981 351 3040 tamen
373 2976 513 3040 omnium
536 2995 692 3041 consensu
708 2975 753 3040 sio
769 2995 838 3040 0000
855 2987 922 3041 tum
937 2977 1130 3041 iudicatum:

90 3087 210 3145 ceteros
240 3099 261 3142 a
290 3079 404 3144 Crasso
436 3099 563 3162 semper
584 3080 697 3159 omnis,
729 3079 782 3142 illo
816 3086 923 3144 autem
953 3080 1005 3146 die
1037 3071 1132 3143 etiam

90 3185 194 3268 ipsum
225 3203 247 3247 a
273 3202 307 3246 se
339 3188 529 3266 superatum.
576 3181 752 3266 deploravit
783 3183 868 3247 enim
898 3203 1006 3248 casnm
1037 3188 1132 3262 atque

91 3288 259 3352 orbitatem
293 3291 432 3366 senatus,
467 3286 557 3351 cuius
587 3286 706 3351 ordinis
736 3306 756 3350 a
787 3287 926 3365 consule,
958 3286 1010 3368 qui
1041 3284 1133 3364 quasi

92 3411 206 3475 parens
229 3390 331 3454 bonus
354 3396 409 3453 aut
431 3396 515 3454 tutor
537 3389 639 3455 fidelis
663 3409 733 3454 esse
749 3388 889 3468 deberet,
913 3395 1075 3468 tamquam
1090 3387 1133 3450 ab

46 3507 73 3553 00
92 3494 195 3577 aliquo
225 3492 348 3558 nefario
372 3491 532 3576 praedone
563 3492 750 3577 diriperetur
780 3491 1002 3576 patrimonium
1033 3486 1134 3571 digni-

94 3599 182 3682 tatis,
206 3616 313 3678 neque
337 3617 411 3661 vero
435 3615 505 3661 esse
527 3596 715 3675 mirandum,
740 3596 776 3676 si,
806 3613 876 3658 oum
900 3592 965 3657 suis
993 3590 1132 3656 consiliis

95 3721 157 3766 rem
187 3700 350 3786 publicam
379 3697 589 3784 profligasset,
621 3699 786 3765 eonsilium
818 3701 946 3762 senatus
976 3717 996 3761 a
1023 3714 1057 3759 re
1080 3717 1134 3780 pu-

97 3805 175 3873 blica
197 3803 389 3891 repudiaret.
435 3803 487 3869 hic
519 3825 591 3870 cum
620 3803 740 3870 homini
770 3808 802 3869 et
825 3800 1006 3868 vehementi
1036 3805 1068 3866 et
1090 3801 1170 3866 di-4
