2836 4114
265 197 327 259 174
511 215 623 268 LIBER
635 215 686 270 Ill.
712 214 794 268 CAP.
808 218 883 270 5-6.
908 219 923 278 ὃ
937 217 1059 270 18-22.ι

261 394 296 452 ut
317 388 410 454 robis
431 387 492 453 hoc
514 388 700 472 praesertim
722 407 837 452 munos
859 394 967 472 putem
990 387 1108 453 diutius
1130 407 1228 471 posse
1253 388 1311 452 de·
1414 449 1415 456 ,

213 550 214 554 ,
261 491 360 556 beri?
390 491 530 575 ‘quinam
561 492 666 577 igitur'
694 492 797 573 inquit
827 492 880 556 illc
908 491 1026 557 locus?
1061 512 1104 556 an
1133 491 1178 555 in·
1196 492 1312 557 media

262 596 343 661 silva
365 595 493 680 placet?
516 601 565 660 θεῖ
588 596 673 660 enim
695 595 723 660 is
746 596 886 660 maxime
909 601 941 659 ct
956 615 1075 679 opacus
1099 602 1129 660 et
1145 595 1308 680 frigidus)

213 696 218 787 ζ
262 703 359 765 ‘sane'
383 700 485 781 inquit
507 698 657 791 Crassus,
683 699 812 763 ‘etenim
835 699 932 764 estin
956 718 993 763 eo
1015 699 1085 764 loco
1112 699 1208 788 sedes
1230 699 1309 764 huic

260 809 368 868 nostro
395 824 457 868 non
492 802 672 886 importuna
704 803 861 894 sermoni*
906 822 978 866 cum
1012 802 1183 885 placuisset
1217 803 1344 867 iderna

261 907 384 986 ceteris,
412 907 445 969 in
476 907 589 970 silvam
617 905 743 970 venitur
769 912 801 970 θῖ
823 906 868 971 ibi
895 926 1014 989 magna
1042 925 1113 970 cum
1147 905 1306 971 audiendi

261 1009 483 1093 expectatione
506 1008 688 1074 considitur.

210 1123 241 1170 19
364 1113 445 1175 Turn
469 1112 601 1177 Crassus
625 1117 706 1176 ‘cum
728 1112 898 1178 auctoritas
922 1120 1016 1194 atque
1031 1112 1173 1177 amicitia
1194 1119 1304 1178 vestra

260 1223 327 1280 tum
349 1214 480 1280 Antonii
496 1216 632 1280 facilitas
655 1215 776 1299 eripuit'
801 1216 903 1298 inquit
925 1208 1013 1280 ‘mihi
1037 1217 1070 1280 in
1086 1215 1207 1300 optima
1230 1237 1304 1281 mea

261 1339 357 1384 causa
389 1318 568 1383 libertatem
605 1319 782 1384 recusandi.
830 1339 1021 1402 quamquam
1059 1319 1093 1383 in
1132 1319 1303 1403 partienda
1325 1333 1359 1380 10

260 1421 473 1506 disputatione
496 1428 612 1503 nostra,
637 1442 708 1486 cum
732 1423 792 1487 sibi
814 1422 854 1487 de
877 1423 916 1487 iis
939 1443 1021 1505 quae
1037 1422 1100 1490 dici
1119 1424 1161 1487 ab
1177 1429 1302 1489 oratore

259 1531 417 1609 oporteret
441 1531 588 1605 sumeret,
612 1525 689 1588 mihi
712 1531 819 1591 autem
841 1525 1033 1608 relinqueret
1055 1532 1090 1590 ut
1105 1526 1301 1610 explicarem

261 1648 354 1710 quem
381 1627 423 1692 ad
449 1628 578 1694 modum
604 1628 658 1692 illa
685 1629 790 1694 ornari
817 1635 983 1712 oporteret,
1012 1649 1051 1694 ea
1077 1629 1202 1712 divisit¹
1218 1649 1301 1712 quae

259 1733 402 1798 seiuncta
425 1752 494 1797 esse
517 1753 581 1798 nou
604 1740 745 1817 possunt.
792 1753 866 1797 narn
890 1752 960 1797 cum
976 1733 1080 1797 omnis
1096 1753 1137 1798 ex
1152 1754 1187 1797 re
1203 1739 1300 1816 atque

259 1836 365 1901 verbis
388 1842 510 1901 constet
531 1836 640 1916 oratio,
664 1856 767 1918 neque
783 1836 881 1900 verba
897 1835 1006 1901 sedem
1021 1836 1139 1901 habere
1155 1845 1298 1920 possunt,
1321 1850 1355 1898 15

260 1939 286 2004 si
308 1960 375 2004 rem
400 1940 604 2020 subtraxeris
628 1959 732 2021 neque
747 1959 799 2004 res
814 1939 930 2020 lumen,
955 1939 982 2004 si
998 1941 1098 2027 verba
1113 1941 1297 2005 semoveris.

208 2053 241 2101 20
259 2062 298 2106 ac
320 2042 398 2107 mihi
421 2042 548 2125 quidem
571 2049 695 2108 veteres
717 2043 761 2106 illi
784 2043 886 2107 maius
899 2029 1061 2124 ¹quiddam
1087 2044 1193 2108 animo
1217 2064 1299 2108 com-

258 2146 346 2230 plexi
369 2147 440 2232 plus
462 2148 561 2212 multo
584 2147 680 2211 etiam
703 2145 822 2210 vidisse
845 2145 993 2211 videntur
1021 2167 1115 2230 quam
1145 2154 1298 2230 quantum

259 2256 437 2314 nostrorum
468 2250 667 2334 ingeniorum
698 2249 783 2313 acies
813 2249 927 2314 intueri
959 2257 1073 2334 potest,
1106 2250 1159 2332 qui
1191 2251 1299 2316 omnia

259 2353 348 2432 haec,
374 2373 454 2434 quae
478 2349 574 2436 supra
596 2360 627 2417 et
651 2353 768 2433 subter,
792 2373 888 2417 unum
913 2372 982 2418 esse
1006 2360 1038 2418 et
1059 2374 1124 2418 una
1145 2355 1178 2418 vi
1201 2361 1298 2437 atque
1318 2368 1353 2416 ac

260 2456 468 2520 consensione
495 2462 626 2520 naturae
658 2456 828 2521 constricta
859 2475 928 2521 esse
962 2456 1120 2522 dixerunt.
1177 2459 1299 2524 nullum

260 2563 308 2623 est
331 2557 415 2622 enim
442 2578 543 2641 genus
566 2578 670 2622 rerum
693 2546 777 2641 quod
804 2566 859 2623 aut
885 2560 1028 2624 avolsum
1055 2581 1074 2624 a
1102 2561 1215 2626 ceteris
1242 2582 1300 2646 per

259 2682 293 2726 se
315 2661 420 2745 ipsum
434 2669 586 2726 constare
610 2668 665 2726 aut
693 2682 752 2744 quo
781 2669 886 2727 cetera
909 2663 936 2728 si
964 2671 1093 2729 careant
1115 2664 1181 2730 vim
1208 2686 1299 2730 suam

207 2738 240 2858 ᾗ
258 2770 354 2847 atque
377 2765 598 2830 aeternitatem
614 2785 801 2832 conservare
817 2767 948 2850 possint.
988 2767 1045 2832 sed
1060 2768 1087 2832 si
1102 2768 1182 2832 haec
1198 2769 1300 2834 maior

259 2888 328 2933 esse
355 2868 435 2933 ratio
462 2868 587 2934 videtur
614 2888 709 2950 quarn
737 2875 772 2934 ut
798 2870 962 2936 hominum
989 2871 1089 2954 possit
1116 2891 1211 2936 sensu
1243 2880 1299 2938 aut
1317 2887 1352 2935 cs

259 2971 449 3055 cogitatione
476 2972 711 3056 comprehendi,
747 2980 795 3038 θεῖ
829 2973 925 3038 ctiam
958 2974 1013 3038 illa
1047 2975 1188 3040 Platonis
1220 2997 1298 3042 vera

258 3081 290 3140 et
313 3075 380 3156 tibi,
405 3075 526 3157 Catule,
550 3083 634 3142 certe
649 3098 713 3142 non
729 3077 872 3141 inaudita
887 3097 961 3158 vox,
978 3097 1104 3143 omnem
1119 3077 1297 3146 doctrinam

257 3179 368 3244 harum
393 3179 602 3263 ingenuarum
627 3188 658 3245 et
685 3181 894 3246 humanarum
923 3181 1039 3245 artium
1066 3200 1129 3245 uno
1161 3182 1297 3264 quodam

258 3284 418 3350 societatis
440 3284 567 3348 vinculo
590 3285 751 3349 contineri.
798 3285 853 3349 ubi
876 3284 960 3349 enim
983 3291 1148 3369 perspecta
1171 3287 1221 3352 vis
1250 3296 1298 3353 cst

258 3388 388 3453 rationis
413 3389 480 3454 eins
504 3407 566 3470 qua
590 3408 704 3452 causae
727 3409 830 3453 rerum
853 3394 949 3470 atque
972 3389 1076 3454 exitus
1104 3409 1297 3473 cognoscun-
1315 3405 1349 3454 30

258 3496 317 3571 tur,
341 3492 439 3556 mirus
462 3490 589 3573 quidam
613 3491 753 3556 omnium
777 3493 866 3572 quasi
890 3511 1062 3558 consensus
1085 3492 1297 3560 doctrinarum

207 3604 239 3650 aa
259 3600 493 3674 concentusque
516 3593 680 3676 reperitur.
728 3593 785 3658 sed
806 3595 832 3658 si
855 3593 916 3658 hoc
940 3614 1063 3675 quoque
1087 3595 1296 3664 videturesse

258 3694 352 3760 altius
375 3716 470 3774 quam
493 3703 528 3759 ut
558 3694 591 3758 id
613 3715 672 3760 nos
702 3695 790 3760 humi
821 3697 909 3761 strati
940 3697 1099 3780 suspicere
1130 3701 1295 3783 possimus,

259 3795 336 3859 illud
359 3803 443 3861 certe
467 3804 573 3860 tamen
597 3797 680 3878 quod
705 3799 844 3881 amplexi
861 3819 979 3878 sumus,
1004 3800 1087 3880 quod
1103 3801 1295 3886 profitemur,
