2834 4110
313 224 428 280 amun
445 225 483 280 ιι
520 225 632 282 onnr
619 229 727 283 ron-
765 229 909 292 ιιι-ιι
1087 212 1127 275 81

101 395 246 480 adiunxit,
268 399 393 464 etiamsi
412 419 491 484 opus
510 406 567 481 est,
589 401 693 466 minus
714 407 881 466 esttamen
893 397 1128 467 necessarium'

101 491 286 582 ‘quidnam‘l'
302 502 406 585 inquit
421 504 551 569 Catulus
570 496 623 568 ‘an
638 504 748 569 laudat
735 505 858 570 tiones?
881 503 915 569 id
931 505 1015 570 enim
1030 504 1124 570 video

100 605 168 686 poni
195 626 297 690 genus
327 604 476 672 tertium'
525 600 591 672 ‘ita'
622 608 725 690 inquit
712 608 819 672 ttAn
807 608 911 673 tonius
942 601 984 673 et
1022 608 1054 672 in
1089 628 1127 674 eo

101 707 218 788 quidem
240 729 360 794 genere
382 711 447 775 soio
471 717 501 776 et
523 732 575 777 me
605 718 637 777 et
659 732 769 778 omnes
800 711 853 794 qui
877 711 1047 777 adfuerunt
1077 711 1128 776 de-

71 810 220 879 sleetatos
243 833 316 879 esse
346 813 559 895 vehementer,
591 835 662 879 oum
689 836 709 880 a
738 821 770 879 te
798 821 846 880 est
875 815 998 900 Popilia
1028 821 1129 880 mater

100 921 196 980 vestra
217 915 358 998 laudata,
390 917 439 982 eui
470 918 607 1002 primum
639 919 763 984 mulieri
797 919 882 984 huno
911 918 1064 985 honorem
1093 920 1126 984 in

100 1026 198 1085 nostra
220 1021 350 1086 civitate
372 1021 524 1086 tributum
546 1027 632 1106 puto.
679 1022 737 1088 sed
759 1043 822 1088 non
841 1023 948 1087 omnia
964 1042 1129 1105 quaecum·

101 1142 155 1204 que
174 1123 333 1206 loquimur
361 1124 438 1189 mihi
468 1125 615 1190 videntur
644 1125 687 1190 ad
709 1131 808 1191 artem
840 1133 871 1191 et
893 1125 936 1190 ad
957 1133 1131 1211 praecepta

101 1245 163 1292 esse
183 1227 373 1293 revocanda.
420 1229 523 1294 exiis
546 1229 631 1294 enim
653 1229 793 1294 fontibus
815 1228 901 1294 unde
929 1227 992 1317 [ad]
1022 1230 1181 1295 omniura

62 1339 86 1384 10
102 1338 279 1397 ornamenta
308 1331 435 1396 dioendi
471 1329 661 1420 [praerepta]
698 1339 864 1398 sumuntur
891 1333 1000 1399 licebit
1034 1333 1129 1398 etiam

101 1432 305 1502 laudationem
328 1455 440 1500 ornare
462 1456 566 1518 neque
588 1437 643 1502 illa
659 1435 816 1502 elementa
829 1436 1022 1519 desiderare,
1047 1456 1128 1519 quae

102 1543 131 1600 ut
150 1560 240 1605 nemo
262 1538 377 1620 tradat,
409 1540 479 1622 quis
510 1544 558 1606 est
585 1540 638 1622 qui
668 1541 791 1606 neseiat
821 1561 902 1623 quae
933 1540 1053 1606 sintin
1076 1541 1128 1606 ho·

101 1641 176 1707 mine
198 1642 385 1708 laudanda?
407 1643 519 1727 positis
542 1645 627 1708 enim
649 1644 689 1708 iis
710 1645 807 1709 rebus
836 1663 915 1726 quas
939 1645 1073 1710 Crassus
1095 1645 1129 1709 in

99 1743 174 1810 illius
196 1746 347 1811 orationis
370 1765 456 1826 suae,
488 1767 583 1828 quam
613 1753 723 1812 eontra
745 1747 909 1830 conlegam
941 1767 1052 1811 oensor
1077 1746 1130 1810 ha-

60 1865 83 1912 ιι
98 1847 168 1931 buit,
190 1850 347 1934 principio
376 1849 471 1916 dixit:
501 1843 595 1933 ‘quae
618 1856 732 1915 natura
753 1858 810 1915 aut
831 1850 958 1917 fortuna
980 1849 1132 1913 darentur

98 1950 281 2035 hominibus,
304 1953 339 2018 in
360 1953 400 2018 iis
422 1954 517 2018 rebus
544 1973 578 2019 se
601 1955 685 2019 vinei
701 1973 795 2038 posse
810 1954 916 2017 animo
930 1971 1032 2033 aequo
1048 1951 1129 2036 pati;

99 2076 173 2138 quae
193 2057 256 2142 ipsi
278 2057 340 2123 sibi
362 2056 506 2123 homines
535 2078 649 2142 parare
678 2063 819 2142 possent,
841 2057 875 2120 in
906 2055 945 2120 iis
967 2054 1063 2119 rebus
1093 2074 1128 2120 se

98 2161 157 2242 pati
179 2182 243 2226 non
270 2180 365 2246 posse
388 2156 494 2241 vinoi,'
522 2162 575 2243 qui
598 2161 741 2227 laudabit
763 2158 945 2244 quempiam
967 2158 1129 2242 intelleget

98 2264 281 2348 exponenda
314 2264 376 2330 sibi
407 2284 476 2330 esse
506 2264 652 2332 fortunae
683 2266 777 2332 bona.
831 2285 870 2330 ea
900 2269 974 2330 sunt
1002 2262 1129 2346 generis
1149 2279 1182 2328 re

56 2381 82 2430 to
97 2369 245 2449 pecuniae
291 2367 537 2451 propinquorum
579 2371 752 2435 amicorum
798 2389 893 2452 opum
938 2365 1130 2432 valetudinis

98 2469 211 2536 formae
238 2470 354 2536 virium
380 2471 503 2554 ingenii
534 2479 565 2538 et
598 2479 773 2539 ceterarum
808 2491 912 2536 rerum
947 2490 1028 2554 quae
1056 2476 1129 2536 sunt

15 2633 16 2658 ,
99 2579 148 2636 aut
169 2574 308 2659 eorporis
331 2580 386 2638 aut
414 2581 602 2641 extraneae:
631 2576 658 2641 si
680 2574 837 2655 habuerit,
861 2576 943 2640 bene
970 2574 1066 2640 rebus
1088 2573 1128 2638 iis

97 2695 197 2762 usum3
235 2679 263 2744 si
292 2699 355 2744 non
386 2678 541 2760 habuerit,
573 2679 734 2764 sapienter
765 2679 922 2763 caruisse,
961 2677 988 2741 si
1020 2677 1131 2743 amise-

97 2780 141 2860 rit,
164 2781 325 2848 moderate
348 2782 465 2848 tulisse.
512 2782 638 2864 deinde,
671 2781 750 2865 quid
780 2783 939 2866 sapienter
972 2779 1000 2845 is
1035 2799 1128 2864 quem

59 2895 84 2944 ιι
98 2882 207 2966 laudet,
242 2884 320 2969 quid
349 2884 530 2966 liberaliter,
565 2884 643 2968 quid
673 2884 806 2965 fortiter,
838 2884 915 2967 quid
937 2884 1028 2967 iuste,
1053 2882 1129 2966 quid

98 2989 268 3072 magnifiee,
303 2988 380 3070 quid
402 2988 464 3074 pie,
495 2988 572 3071 quid
598 2995 698 3073 grate,
727 2986 803 3070 quid
833 2987 1021 3069 humaniter,
1054 2985 1130 3069 quid

98 3089 226 3176 deniqne
250 3111 323 3157 oum
345 3091 453 3174 ahqua
475 3093 591 3156 virtute
614 3097 669 3156 aut
692 3091 803 3156 feeerit
824 3098 879 3156 aut
895 3091 1010 3156 brlerit.
1049 3091 1129 3158 haee

98 3200 125 3257 et
146 3217 225 3279 quae
249 3201 324 3260 sunt
346 3195 414 3260 eius
436 3195 563 3279 generis
590 3196 685 3260 saeile
715 3194 836 3260 videbit
866 3195 920 3277 qni
950 3194 1034 3261 volet
1064 3196 1128 3259 lau-

98 3296 239 3382 dare,t
206 3306 239 3364 et
262 3299 316 3382 qui
347 3299 379 3364 vi
381 3307 538 3383 tuperare,
570 3295 747 3364 contraria.³
777 3291 843 3363 ‘our
872 3298 953 3382 igitu
920 3294 1129 3363 turdubitas³
1148 3317 1182 3364 ιι

58 3413 83 3462 to
97 3399 192 3486 inquit
178 3404 275 3469 tth
262 3403 347 3467 tulus
369 3396 487 3466 faeere
509 3400 605 3466 hoot
591 3402 719 3468 tertium
741 3421 852 3484 genus,
877 3399 1026 3484 quoniam
1047 3399 1132 3465 inest

98 3503 269 3572 iuratione
292 3504 422 3570 rerum?
454 3525 519 3570 non
542 3504 635 3586 enim,
667 3506 694 3570 si
717 3511 765 3570 est
751 3503 920 3582 tsaoilius,
952 3522 989 3567 eo
1012 3500 1052 3566 de
1074 3523 1129 3567 nu-

1146 586 1176 638 11

1147 658 1181 707 44

99 3628 175 3675 mero
198 3629 324 3694 qnoque
348 3615 396 3674 est
420 3605 677 3692 eucarpensium.³
722 3600 808 3689 ‘quia
826 3602 909 3671 nolo‘
931 3604 1035 3688 inquit
1056 3598 1130 3670 ‘om-

98 3713 146 3777 nia
167 3734 251 3796 quae
274 3712 392 3778 eadunt
415 3710 586 3792 aliquando
609 3712 642 3775 in
658 3717 822 3788 oratorem,
847 3708 992 3789 quamvis
1013 3709 1130 3791 exigua

99 3816 163 3899 sint,
187 3839 226 3883 ea
250 3817 296 3882 sio
318 3821 465 3894 tractare,
496 3815 588 3895 quasi
617 3813 695 3877 nihil
724 3811 825 3894 possit
855 3808 918 3873 diei
948 3809 1016 3874 sine
1043 3831 1130 3894 prae-

144 3928 249 3971 Cieeronis
263 3928 289 3968 de
302 3928 385 3968 oratore
398 3923 455 3964 libri.
960 3914 975 3962 6
