2836 4114
317 227 498 281 risuum
519 227 682 282 onroo
690 229 730 280 66.
709 230 865 290 6-6666
869 230 928 282 666
1082 207 1143 270 231

109 403 246 483 homine,
271 421 365 484 quem
389 421 514 468 servum
537 401 674 467 61611116
704 400 816 466 habuit
838 398 880 464 ad
903 420 1041 483 manum,
1074 418 1146 462 oum

109 506 279 573 eburneola
309 506 418 571 solitus
452 512 500 572 est
530 505 647 571 habere
680 505 785 570 fistula
819 504 873 588 qui
907 509 1004 569 staret
1026 502 1146 568 occulte

109 617 178 694 post
201 611 315 694 ipsum,
340 630 410 675 oum
445 611 686 691 contionaretur,
718 610 853 694 peritum
886 608 1057 688 hominem,
1093 607 1147 689 qui

109 713 233 779 inflaret
256 714 398 779 celeriter
428 735 499 780 eum
530 735 650 796 sonum,
686 734 747 796 quo
777 713 865 778 illum
895 718 951 777 aut
980 711 1145 776 remissum

77 818 262 883 5666166666
292 823 389 882 auta
419 819 619 885 contentione
649 812 833 884 666666666.)
878 809 997 881 ‘audivi
1027 814 1147 880 meher-

109 917 188 987 cule'
218 921 321 1004 inquit
348 919 478 990 Catulus
508 917 551 988 ‘et
581 942 677 1008 saepe
706 943 776 988 sum
806 920 978 986 admiratus
1008 919 1145 984 hominis
1175 922 1177 926 ’

110 1047 180 1090 oum
204 1025 401 1108 diligentiam
424 1033 491 1093 tum
514 1028 609 1093 etiam
626 1027 801 1093 doctrinam
817 1018 1052 1092 6666166616666.)
1075 1016 1145 1108 ‘ego
1165 1033 1215 1080 226

109 1126 195 1195 6666)
225 1129 329 1212 inquit
358 1131 500 1215 0666666,
531 1124 581 1197 (66
611 1130 701 1197 doleo
736 1130 863 1214 quidem
897 1131 968 1195 illos
997 1129 1083 1195 viros
1113 1129 1146 1192 in

111 1254 179 1298 earn
203 1232 347 1298 fraudem
377 1234 410 1298 in
438 1256 472 1301 re
502 1235 630 1320 publica
660 1255 729 1301 esse
756 1235 922 1320 delapsos3
954 1253 1146 1316 quamquam

64 1345 147 1402 1066
170 1337 234 1403 tela
257 1336 375 1402 texitur
398 1345 429 1403 et
453 1361 491 1404 ea
513 1339 662 1404 incitatur
692 1340 725 1403 in
748 1339 877 1403 civitate
908 1339 988 1404 ratio
1016 1335 1146 1402 vivendi

109 1461 146 1505 66
168 1441 344 1525 posteritati
374 1443 559 1525 ostenditur,
591 1451 626 1510 66
656 1464 762 1509 eorum
793 1442 908 1508 civium
941 1463 1018 1525 quos
1048 1441 1147 1507 nostri

110 1551 213 1628 patres
236 1565 301 1609 non
316 1546 455 1611 tulerunt
469 1547 533 1612 iam
549 1547 659 1613 similis
674 1546 792 1612 habere
808 1541 994 1630 cupiamus'
1036 1538 1146 1625 (6661666,

110 1644 280 1713 obsecro''
272 1650 374 1730 mqnit
362 1642 531 1716 6()Ο66666
554 1643 685 1715 161166(
687 1670 863 1715 sermonem
886 1651 926 1714 ist
928 1655 1036 1714 umet
1057 1656 1089 1713 te
1105 1647 1146 1712 ad

111 1750 244 1816 Gracchi
271 1750 408 1817 fistulam
430 1753 523 1835 refer,
547 1754 634 1818 cuius
651 1774 710 1837 ego
726 1753 865 1818 nondum
881 1754 976 1838 plane
992 1759 1041 1817 666
1043 1753 1186 1880 ionem6

62 1851 281 1939 ninellego?
326 1849 877 1940 (1666616666)16661611666666
908 1850 966 1922 ‘est
994 1827 1202 1938 quiddam61
1165 1901 1214 1948 227

111 1957 258 2040 medium,
283 1959 338 2024 sed
355 1980 445 2025 suum
462 1963 574 2044 cuique
590 1963 670 2026 voci.
709 1961 784 2026 hinc
799 1961 957 2045 gradatim
973 1959 1145 2025 ascendere
1217 2037 1219 2040 ¹

111 2083 220 2128 vocem
246 2061 342 2150 [utile]
367 2071 653 2131 6666666666-
677 2086 795 2130 nama
824 2065 979 2149 principio
1010 2065 1146 2128 clamare
1175 2145 1178 2150 1

111 2173 237 2252 agreste
261 2167 410 2248 quiddam
434 2176 482 2234 est
505 2209 545 2215 —
570 2175 602 2233 et
623 2168 708 2233 idern
731 2167 807 2232 illud
830 2168 872 2232 ad
887 2167 1075 2232 firmandam
1100 2173 1147 2232 cst

111 2291 222 2336 vocem
250 2269 394 2337 salutare.
441 2272 556 2337 deinde
588 2277 636 2337 est
667 2271 817 2355 quiddam
852 2271 1062 2337 contentionis
1095 2291 1146 2335 ex-

59 2383 93 2430 20
111 2381 255 2456 tremum,
280 2375 362 2456 quod
385 2384 491 2442 tamen
514 2375 645 2441 interius
669 2383 718 2441 666
740 2396 834 2458 quam
864 2375 1064 2448 acutissimus
1088 2375 1146 2440 ola·

111 2499 194 2543 mor:
223 2499 284 2561 quo
308 2485 339 2544 te
362 2480 467 2545 fistula
489 2479 636 2565 progredi
660 2501 722 2545 non
753 2480 837 2545 sinet
868 2486 898 2544 66
920 2480 985 2543 iam
1011 2480 1052 2544 ab
1076 2479 1146 2563 ipsa

111 2583 312 2648 contentione
334 2584 504 2650 revocabit.
551 2591 599 2650 est
630 2585 706 2649 item
729 2589 838 2649 contra
869 2582 1019 2666 quiddam
1047 2582 1079 2646 in
1102 2602 1146 2646 re·

111 2686 260 2752 missione
282 2688 504 2770 gravissimum
528 2709 652 2770 quoque
675 2695 837 2770 tamquam
867 2707 1014 2753 sonorum
1044 2685 1146 2770 gradi-

110 2792 169 2856 bus
193 2789 402 2856 descenditur.
449 2791 528 2856 haec
551 2792 688 2856 varietas
712 2798 743 2857 ct
767 2789 840 2879 [hie]
864 2812 920 2876 per·
935 2791 1036 2856 omnis
1053 2809 1146 2854 sonos

58 2911 92 2957 25
110 2894 197 2959 vocis
221 2902 383 2961 cursuset
406 2901 476 2960 set
463 2894 565 2960 tuebit
552 2901 655 2960 66666
670 2895 787 2960 actioni
802 2894 926 2960 adferet
914 2894 1143 2959 tsuavitatem

110 2998 167 3064 sed
190 2997 242 3064 fist
243 2999 308 3063 6166
296 3005 395 3064 torem
418 2998 503 3064 domi
525 2998 718 3081 relinquetis,
743 3019 870 3082 sensum
897 2997 991 3063 huius
1019 3016 1146 3111 consue-

110 3101 229 3168 tudinis
252 3103 415 3168 vobiscum
438 3103 479 3168 ad
502 3103 605 3168 forum
628 3101 758 3167 deferet
738 3109 786 3168 trs.

214 3205 308 3270 Edidi
332 3227 413 3288 quae
436 3207 533 3292 potui,
564 3227 626 3271 non
658 3213 692 3271 66
714 3206 809 3286 66161,
840 3205 961 3272 sedt
926 3214 961 3270 ut
991 3226 1042 3269 me
1072 3211 1146 3269 tem·
1166 3217 1216 3265 666

6 3379 7 3386 ,
110 3309 195 3394 poris
217 3311 384 3394 angustiae
407 3316 585 3396 coegerunt.
633 3311 744 3376 scitum
769 3316 817 3375 est
832 3310 916 3375 enim
933 3329 1060 3374 causam
1076 3329 1146 3374 oon-

6 3401 8 3480 l
56 3431 89 3478 30
109 3414 193 3479 ferre
216 3413 249 3478 in
273 3420 407 3499 tempus,
424 3437 495 3480 cum
510 3415 636 3480 adferre
651 3415 750 3499 plura,
767 3414 794 3480 si
811 3414 929 3498 cupias
946 3435 1009 3480 non
1026 3410 1146 3495 queas'

6 3507 8 3532 ¹
109 3512 154 3584 ‘tu
177 3513 264 3585 vero'
287 3518 390 3600 inquit
413 3513 542 3585 Catulus
565 3511 740 3602 ‘conlegisti
764 3518 879 3599 omnia,
911 3524 1063 3599 quantum
1087 3537 1145 3601 ego

109 3643 238 3708 possum
261 3620 410 3704 iudicare,
440 3621 486 3685 ita
515 3621 677 3702 divinitus,
709 3629 829 3687 utnon
859 3642 878 3685 a
910 3621 1039 3687 Graecis
1066 3642 1146 3686 sum-

108 3727 221 3813 psisse,
253 3725 309 3792 sed
339 3747 393 3792 eos
423 3727 509 3812 ipsos
536 3725 616 3818 haee
642 3726 755 3792 docere
789 3747 881 3811 posse
911 3727 1048 3792 videare.
1095 3747 1146 3792 me

109 3832 239 3916 quidem
261 3833 352 3899 istius
374 3831 528 3899 sermonis
550 3832 736 3916 participem
760 3830 877 3896 factum
909 3853 978 3899 esse
1007 3831 1144 3916 gaudem
