2834 4110
310 231 479 285 1111111.
510 231 717 288 onem-25.
748 236 927 296 §ror-roe.
1096 219 1135 281 97

92 415 191 492 potest
215 407 257 472 11
282 427 323 471 ea
347 426 382 470 re
406 425 501 489 quam
524 426 589 471 non
611 407 701 472 novit
730 428 794 472 non
818 407 998 492 turpissime
1020 406 1135 474 dicere.

91 513 133 576 ita
154 512 232 577 dum
262 510 400 575 inertiae
424 510 700 593 vituperationem,
733 531 815 592 quae
846 511 946 576 maior
977 517 1034 592 est,
1066 531 1136 576 con-

7 669 8 672 ,
91 621 250 697 temnunt,
286 613 505 695 adsequuntur
541 614 635 678 ctiam
671 614 773 695 illam,
809 635 904 697 quam
937 615 1041 700 magis
1072 615 1133 698 ipsi

90 720 225 803 lugiunt,
255 717 426 783 tarditatis.
474 717 621 799 equidem
653 718 737 784 soleo
769 717 844 783 dare
875 739 1004 802 operam
1031 726 1065 784 ut
1095 718 1205 788 deror

61 845 145 891 esua
168 822 307 907 quisque
329 841 365 885 re
389 841 441 886 mc
465 821 533 905 ipse
547 820 659 886 doceat
683 828 713 886 et
736 829 770 886 ut
794 843 834 887 ne
851 823 921 906 quis
943 823 1025 889 alius
1040 823 1134 904 adsit,

91 949 149 1012 quo
172 928 307 993 liberius
329 927 484 1009 loquatur,
509 933 540 990 et
556 921 651 1010 ager'e
666 926 841 992 adversarii
865 947 1002 1009 causam,
1026 935 1061 993 ut
1083 929 1135 994 ille

91 1041 164 1117 agat
187 1051 281 1097 suam
305 1036 338 1096 et
370 1029 521 1112 quicquid
553 1030 592 1096 de
625 1051 682 1096 sua
704 1053 738 1096 re
763 1031 908 1114 cogitarit
936 1033 970 1096 in
997 1032 1136 1098 medium

7 1123 9 1172 l
91 1137 238 1220 proferat.
285 1135 395 1216 itaque
429 1153 500 1198 cum
530 1135 582 1199 ille
613 1133 769 1216 discessit,
800 1136 857 1200 tris
879 1155 1032 1219 personas
1054 1157 1136 1203 unus

92 1242 231 1308 sustineo
256 1260 381 1305 summa
402 1238 498 1303 animi
515 1239 688 1321 acquitate:
712 1260 826 1321 meam,
850 1239 1034 1322 adversarii,
1059 1241 1135 1306 iudi-

50 1364 76 1410 ro
93 1347 143 1411 cis.
190 1345 247 1427 qui
270 1345 359 1408 locus
382 1348 432 1407 est
454 1343 527 1408 talis
550 1349 584 1407 ut
608 1344 678 1426 plus
700 1343 820 1408 habeat
841 1343 1016 1409 adiumenti
1041 1365 1135 1427 quam

91 1448 295 1529 incommodi,
324 1447 411 1512 hunc
439 1447 543 1512 iudico
567 1467 636 1513 esse
660 1447 843 1534 dicendum,
870 1449 930 1530 ,ubi
960 1450 1031 1533 plus
1062 1450 1136 1514 mali

8 1599 9 1602 κ
93 1576 186 1637 quam
208 1554 288 1620 boni
310 1551 444 1637 reperio,
476 1551 509 1616 id
531 1558 632 1616 totum
662 1552 811 1619 abiudico
834 1560 929 1636 atque
958 1555 1046 1620 eicio.
1092 1555 1138 1619 ita
1159 1571 1206 1618 103

93 1658 249 1740 adsequor
280 1663 314 1722 ut
344 1657 408 1721 alio
438 1662 578 1741 tempore
610 1657 745 1741 cogitem
777 1657 853 1739 quid
877 1656 982 1723 dicam
1013 1665 1045 1724 et
1074 1659 1135 1723 alio

94 1763 212 1847 dicam,
244 1782 327 1844 quae
358 1760 420 1825 duo
451 1761 593 1845 plerique
624 1761 752 1845 ingenio
775 1761 849 1826 freti
880 1763 973 1828 simul
1002 1762 1133 1826 faciunt.

7 1915 10 1924 ,
52 1868 149 1933 11111
173 1873 259 1932 certe
283 1864 388 1930 eidem
410 1864 456 1929 illi
480 1865 592 1930 melius
621 1865 784 1946 aliquanto
808 1866 960 1947 dicerent,
992 1865 1019 1931 si
1049 1864 1135 1929 aliud

95 1970 284 2036 sumendum
308 1967 369 2034 sibi
400 1976 524 2053 tempus
548 1969 590 2033 ad
613 1969 827 2053 cogitandum,
858 1969 944 2034 aliud
967 1969 1008 2034 ad
1031 1968 1135 2034 dicen-

7 2053 9 2092 *
94 2073 168 2139 dum
191 2079 354 2158 putarent.
682 2151 685 2155 ,

199 2179 281 2243 Cum
305 2196 372 2240 rem
402 2177 529 2259 penitus
552 2196 744 2258 causamque
775 2177 919 2262 cognovi,
951 2177 1057 2242 statim
1089 2196 1136 2242 oc·
1157 2191 1206 2239 104

94 2283 190 2346 currit
212 2281 321 2345 animo
345 2301 426 2362 quae
457 2281 496 2345 sit
520 2301 615 2346 causa
637 2281 831 2365 ambigendi.
878 2281 957 2346 nihil
980 2288 1028 2346 111
1052 2281 1134 2346 enim

48 2400 77 2446 eo
93 2383 179 2466 quod
201 2385 285 2449 inter
307 2383 452 2450 homines
482 2385 673 2469 ambigatur,
706 2387 774 2451 sive
806 2407 847 2451 11
878 2385 1008 2451 crimine
1039 2405 1135 2451 eausa

7 2505 9 2596 p
94 2495 217 2553 constat
240 2495 275 2552 ut
298 2486 458 2569 facinoris,
482 2488 550 2553 sive
574 2508 615 2553 11
639 2490 853 2555 controversia
879 2496 915 2554 ut
941 2489 1135 2570 hereditatis,

7 2607 9 2620 ’
94 2593 162 2659 sive
186 2613 227 2656 11
252 2591 480 2656 deliberatione
503 2599 538 2656 ut
559 2592 636 2657 belli
660 2591 739 2678 [sive
755 2613 796 2658 11
811 2613 948 2678 persona
962 2601 997 2659 ut
1011 2591 1136 2678 laudisl,

7 2751 8 2754 ,
94 2697 163 2761 sive
185 2716 228 2761 11
252 2695 466 2780 disputatione
489 2703 525 2760 ut
548 2695 588 2761 de
610 2696 733 2761 ratione
755 2697 896 2778 vivendi,
927 2699 960 2763 in
985 2719 1045 2780 quo
1072 2716 1135 2760 non

94 2807 150 2865 aut
173 2800 250 2882 quid
273 2799 393 2865 factum
416 2800 456 2864 sit
483 2806 538 2864 aut
560 2800 616 2865 fiat
637 2799 819 2866 futurumve
842 2801 883 2866 sit
899 2809 1067 2883 quaeratur
1081 2806 1136 2864 aut

47 2917 76 2964 11
96 2905 190 2986 quale
221 2905 262 2970 sit
296 2911 351 2968 aut
385 2903 461 2986 quid
490 2911 627 2969 vocetur.
674 2925 713 2969 ac
749 2911 875 2970 nostrae
909 2905 976 2970 fere
1011 2878 1206 3000 1111111ηἳοῧ5

96 3027 177 3090 quae
201 3007 330 3091 quidem
353 3013 427 3074 sunt
454 3007 631 3089 criminum,
654 3008 841 3092 plerumque
868 3004 1056 3086 infitiatione
1084 3006 1135 3072 de·
1184 3031 1207 3056 Α

7 3109 9 3122 ’
96 3109 278 3178 tenduntur.
324 3133 399 3177 nam
422 3119 453 3176 et
476 3111 518 3177 de
539 3111 683 3196 pecuniis
706 3111 899 3196 repetundis,
929 3133 1011 3195 quae
1037 3111 1144 3176 maxi·

97 3236 167 3280 mae
191 3223 275 3298 sunt,
298 3215 447 3300 neganda
468 3215 536 3280 fere
560 3223 633 3281 sunt
655 3217 773 3297 omnia,
805 3222 837 3281 11
860 3216 900 3280 11
922 3216 1043 3280 ambitu
1066 3235 1136 3279 raro
1187 3220 1192 3266 ἒ

96 3319 173 3385 illud
195 3320 298 3402 datur,
329 3326 365 3386 ut
393 3321 496 3405 possis
526 3321 749 3386 liberalitatem
779 3327 875 3402 atque
906 3319 1134 3403 benignitatem

48 3434 79 3482 30
98 3423 139 3487 ab
161 3425 283 3498 ambitu
305 3432 402 3508 atque
429 3425 597 3508 largitione
643 3426 819 3508 seiungere.
867 3424 906 3490 de
934 3421 1065 3501 sicariis,
1096 3419 1136 3485 de

7 3565 8 3568 =
99 3529 270 3610 veneficiis,
294 3528 334 3594 de
357 3529 505 3612 peculatu
527 3528 656 3594 infitiari
678 3548 809 3594 necesse
825 3535 882 3593 est.
928 3526 962 3590 id
977 3531 1025 3590 est
1040 3523 1137 3606 igitur

100 3651 199 3714 genus
221 3634 358 3717 primum
381 3653 546 3698 cansarum
569 3633 602 3697 in
617 3631 743 3697 iudiciis
758 3652 799 3696 11
817 3628 1029 3695 controversia
1043 3627 1135 3711 facti;

101 3735 133 3801 in
155 3737 435 3803 deliberationibus
458 3736 642 3820 plerumque
666 3755 707 3799 11
722 3734 829 3814 futuri,
846 3751 915 3796 raro
931 3752 972 3796 11
989 3731 1136 3795 instantis

100 3843 153 3906 aut
174 3842 261 3907 facti.
308 3861 404 3924 saepe
428 3842 523 3905 etiam
545 3859 596 3904 res
619 3859 683 3902 non
706 3837 747 3902 sit
768 3855 879 3914 necne,
903 3833 959 3898 sed
980 3832 1080 3914 qualis
1096 3833 1136 3896 sit
1156 3843 1204 3889 roc

150 3952 255 3994 Ciceronis
269 3952 294 3993 de
308 3955 390 3994 oratore
403 3951 461 3992 libri.
965 3939 979 3984 7
