2836 4114
297 164 358 227 178
535 181 646 234 LIBER
658 181 710 235 111.
735 180 818 234 CAP.
831 185 925 236 9-10.
951 182 1088 244 §33-37.

295 355 390 437 quod,
414 355 529 437 quibus
552 354 695 439 vestigiis
717 354 854 438 primum
884 353 994 434 institi,
1027 353 1060 416 in
1091 353 1132 418 iis
1155 352 1224 418 fere
1253 354 1353 418 soleo

295 479 453 543 perorare,
477 465 509 523 et
531 458 616 541 quod
639 459 802 540 aliquanto
824 479 876 523 me
903 458 1004 523 maior
1030 457 1064 521 in
1091 457 1201 522 verbis
1232 455 1352 543 [quam

295 562 329 626 in
352 560 528 648 sententiis]
553 560 709 644 eligendis
738 562 828 627 labor
858 567 890 625 et
920 581 995 628 cura
1026 566 1149 642 torquet
1172 567 1351 626 verentem

296 685 346 746 ne,
371 665 398 731 si
420 665 515 749 paulo
538 665 707 730 obsoletior
729 663 824 729 fuerit
847 664 957 744 oratio,
982 683 1045 728 non
1069 662 1169 746 digua
1189 670 1351 748 expecta-

245 783 279 830 34
297 769 382 834 tione
406 775 437 833 et
460 768 585 833 silentio
607 767 705 833 fuisse
736 767 891 832 videatur.
944 764 1057 848 quodsi
1091 766 1124 830 in
1158 766 1254 832 nohis
1287 767 1388 850 quia

296 871 448 937 adsumus
482 877 591 936 tantae
624 869 898 936 dissimilitudines
932 876 1016 950 snat,
1050 876 1114 934 tam
1150 877 1258 936 certae
1291 891 1350 935 res

298 976 449 1055 cuiusque
472 974 617 1058 propriae
648 973 736 1038 etin
766 993 805 1038 ea
834 973 988 1039 varietate
1018 973 1085 1039 lere
1107 973 1223 1038 melius
1246 993 1267 1038 a
1291 974 1350 1038 de-

297 1077 411 1142 teriore
433 1076 584 1141 facultate
607 1077 710 1160 magis
733 1095 828 1160 quarn
857 1097 975 1161 genere
1006 1076 1213 1160 distinguitur
1243 1085 1349 1162 atque

298 1199 392 1245 omne
414 1179 562 1245 landatur
585 1179 669 1262 quod
691 1181 725 1245 in
747 1200 804 1244 suo
826 1199 945 1264 genere
967 1179 1143 1264 perfectum
1174 1187 1233 1261 est,
1263 1180 1348 1263 quid

299 1282 446 1363 censetis,
471 1283 497 1347 si
521 1303 631 1348 omncs
655 1284 709 1365 qui
732 1283 850 1365 ubique
873 1289 946 1349 sunt
969 1289 1023 1347 ant
1045 1283 1175 1348 fuerunt
1197 1290 1347 1350 oratores
1371 1291 1405 1338 10

299 1385 447 1469 amplecti
470 1385 687 1451 voluerimus?
711 1407 817 1451 nonne
840 1386 906 1452 fore
929 1393 973 1467 ut,
997 1393 1073 1468 quot
1097 1394 1248 1468 oratores,
1272 1388 1347 1453 toti-

299 1487 371 1553 dem
402 1509 505 1573 paene
534 1490 733 1574 reperiantur
761 1509 881 1573 genera
910 1488 1062 1555 dicendi?
1098 1511 1138 1555 ex
1173 1511 1238 1573 qua
1268 1512 1349 1556 mea

300 1591 514 1676 disputatione
537 1591 670 1657 forsitan
693 1598 837 1658 occurrat
858 1591 947 1674 illud,
971 1593 998 1658 si
1028 1611 1130 1677 paene
1160 1594 1348 1660 innumera-

263 1763 267 1772 ,
300 1696 379 1761 biles
410 1696 473 1762 sint
505 1696 595 1779 quasi
625 1695 746 1761 formae
773 1694 957 1780 figuraeque
987 1694 1124 1780 dicendi,
1149 1699 1258 1781 specie
1281 1699 1348 1764 dis-

299 1819 403 1883 pares,
434 1819 552 1884 genere
581 1799 768 1879 laudabiles,
802 1819 866 1865 non
900 1819 993 1882 posse
1024 1820 1063 1865 ea
1086 1820 1168 1881 quae
1199 1801 1284 1866 inter
1309 1822 1347 1868 se
1370 1807 1401 1855 15

300 1902 482 1987 discrepant
504 1902 618 1968 iisdem
641 1903 819 1987 praeceptis
842 1908 938 1984 atque
961 1923 1024 1967 una
1051 1903 1252 1969 institutione
1281 1905 1346 1971 for-

248 2020 281 2070 35
300 2007 388 2071 mari.
436 2005 520 2088 quod
543 2027 606 2070 non
630 2012 678 2071 est
707 2005 762 2086 ita,
791 2004 1096 2090 diligentissimeque
1126 2006 1186 2072 hoc
1219 2015 1268 2074 est
1296 2011 1346 2074 eis

300 2111 354 2193 qui
376 2110 545 2175 instituunt
566 2110 690 2191 aliquos
711 2115 808 2191 atque
831 2108 978 2174 erudiunt
1000 2109 1184 2191 videndum,
1209 2133 1273 2194 quo
1285 2133 1345 2178 sua

300 2233 458 2297 quemque
483 2219 597 2278 natura
612 2213 752 2278 maxime
769 2212 851 2277 ferre
866 2212 1021 2278 videatur.
1061 2213 1178 2278 etenim
1194 2215 1346 2282 videmus

301 2339 342 2382 ex
366 2317 476 2384 eodem
500 2317 591 2399 quasi
613 2316 688 2381 ludo
711 2336 904 2382 summorum
926 2316 960 2380 in
983 2337 1039 2381 suo
1056 2317 1208 2399 cuiusque
1223 2339 1345 2402 genere
1366 2326 1397 2372 20

301 2420 456 2484 artificum
480 2426 512 2485 et
533 2420 755 2502 magistrorum
772 2419 876 2484 exisse
892 2418 1064 2503 discipulos
1080 2419 1243 2486 dissimilis
1259 2423 1347 2488 iuter

303 2542 337 2588 se
360 2543 398 2586 ac
422 2530 530 2588 tamen
553 2521 739 2603 laudandos,
772 2543 843 2589 cum
873 2522 915 2586 ad
946 2523 1097 2605 cuiusque
1126 2530 1276 2592 naturam
1300 2528 1345 2592 in-

249 2643 283 2691 36
302 2626 423 2690 stitutio
447 2624 582 2690 doctoris
604 2623 906 2690 adcommodaretur.
953 2627 1042 2691 cuius
1065 2634 1113 2692 est
1129 2627 1181 2692 vel
1201 2631 1346 2694 maxime

301 2729 427 2811 insigne
450 2727 529 2794 illud
552 2728 743 2812 exemplum,
760 2735 795 2793 ut
811 2737 932 2794 ceteras
947 2735 1032 2794 artes
1048 2730 1240 2812 omittamus,
1259 2733 1344 2816 quod

301 2831 430 2896 dicebat
443 2833 599 2896 Isocrates
614 2830 722 2896 doctor
738 2832 906 2916 singularis
921 2853 955 2898 se
968 2833 1143 2899 calcaribus
1158 2833 1192 2897 in
1203 2834 1342 2919 Ephoro,
1365 2843 1396 2892 ‘25

302 2941 413 3000 contra
435 2941 543 3000 autem
566 2935 599 2999 in
621 2934 826 3020 Theopompo
849 2935 948 3000 frenis
976 2936 1023 3000 uti
1053 2936 1161 3002 solere.
1208 2938 1342 3004 alterum

303 3038 388 3104 enim
412 3039 611 3104 exultantem
634 3039 802 3104 verborum
825 3036 960 3103 audacia
982 3039 1184 3124 reprimebat,
1207 3041 1342 3108 alterum

304 3147 506 3208 cunctantem
542 3148 573 3207 et
606 3143 696 3225 quasi
731 3140 999 3208 verecundantem
1033 3143 1202 3228 incitabat;
1238 3165 1343 3227 neque

304 3266 358 3312 cos
381 3245 492 3312 similis
522 3245 628 3309 effecit
659 3245 741 3310 inter
774 3265 817 3325 se,
845 3244 901 3310 sed
931 3251 1054 3310 tantum
1076 3246 1168 3310 alteri
1195 3245 1341 3328 adfinxit,

305 3349 345 3415 de
368 3351 465 3415 altero
496 3348 627 3429 limavit,
658 3354 693 3412 ut
723 3346 756 3412 id
786 3348 996 3414 conformaret
1025 3349 1058 3414 in
1089 3357 1231 3432 utroque,
1260 3351 1342 3434 quod
1362 3362 1391 3408 30

171 3481 174 3488 ⁴
252 3432 287 3552 ἐξ
305 3453 468 3535 utriusque
492 3459 605 3517 natura
627 3457 795 3535 pateretur.
841 3452 921 3515 haec
950 3471 988 3516 eo
1018 3451 1096 3516 mihi
1127 3451 1342 3536 praedicunda

305 3553 443 3636 fuerunt,
467 3563 511 3635 ut,
535 3554 562 3619 si
585 3574 649 3618 non
672 3553 778 3617 omnia
801 3573 881 3634 quae
897 3551 1170 3640 proponelrelntur·
1192 3574 1212 3618 a
1236 3577 1287 3622 me
1302 3557 1341 3621 ad

306 3657 447 3721 omnium
471 3664 612 3722 vestrum
636 3654 774 3719 studium
798 3662 829 3720 et
852 3654 892 3719 ad
916 3675 1018 3738 genus
1040 3656 1074 3719 id
1097 3657 1182 3739 qood
1209 3659 1340 3742 quisque

306 3765 447 3823 vestrum
476 3760 509 3823 in
541 3755 675 3822 dicendo
705 3756 853 3839 probaret
882 3755 1156 3838 adhaerescerent,
1187 3759 1221 3824 id
1251 3782 1340 3828 ame
