2834 4110
378 215 489 270 menn
507 217 543 270 11.
581 216 664 271 cur.
679 221 720 273 58.
757 220 936 281 ecel-237.
1116 202 1177 266 133

135 383 310 469 hospitium
331 408 437 454 meum
461 388 563 475 dices;
595 411 669 455 nam
700 397 731 455 te
762 391 794 455 in
818 390 915 471 viam,
946 391 1078 456 simulac
1108 411 1176 474 per-

135 488 267 572 paulum
288 491 434 576 gustaris,
459 493 626 560 extrudam
649 501 681 560 et
703 494 825 560 eiciam.

241 595 288 658 Ac
310 615 352 659 ne
374 594 492 660 diutius
522 617 578 662 vos
600 596 755 678 demorer,
788 597 829 662 de
859 597 944 663 omni
974 597 1034 664 isto
1057 615 1176 680 genere
1195 611 1247 660 235

138 695 217 777 quid
245 699 379 764 sentiam
418 701 614 784 perbreviter
647 721 815 787 exponam.
862 700 902 766 de
936 701 1001 766 risu
1036 700 1176 784 quinque

100 806 213 863 esunt
239 822 321 883 quae
352 810 558 885 quaerantur:
590 825 698 886 unum,
723 804 799 888 quid
830 805 883 889 sit;
916 806 1059 886 alterum,
1091 805 1177 871 unde

138 902 198 986 sit5
218 905 355 987 tertium,
379 907 460 972 sitne
483 909 615 974 oratoris
637 909 734 974 risum
750 908 832 974 velle
847 929 991 995 movere,
1016 914 1174 993 quartum,

139 1014 312 1094 quatenus3
343 1010 501 1092 quintum,
540 1032 622 1094 quae
653 1012 715 1077 sint
749 1033 868 1097 genera
902 1012 1035 1080 ridiculi.
1081 1019 1177 1096 atque

139 1109 216 1175 illud
238 1112 374 1196 primum
397 1152 438 1160 —
462 1115 538 1198 quid
561 1116 601 1181 sit
623 1116 692 1200 ipse
715 1116 806 1198 risus,
830 1137 892 1198 quo
920 1126 1014 1201 pacto
1043 1118 1176 1184 concite-

140 1219 199 1297 tur,
221 1218 276 1283 ubi
300 1219 349 1300 sit,
374 1238 435 1302 quo
457 1219 551 1286 modo
567 1221 684 1286 existat
699 1226 795 1304 atquc
810 1220 855 1284 ita
870 1229 1002 1305 repente
1022 1229 1177 1307 erumpat,

86 1335 121 1384 10
139 1324 176 1382 ut
196 1341 267 1386 eum
291 1321 454 1405 cupientes
477 1331 584 1388 tenere
607 1343 812 1406 nequeamus,
837 1331 869 1389 et
891 1344 953 1407 quo
976 1325 1069 1392 modo
1086 1325 1179 1390 simul

141 1423 238 1490 latera
260 1445 297 1490 os
319 1445 418 1491 venas
441 1428 547 1492 oculos
570 1428 689 1493 voltum
713 1433 910 1511 occupet-
933 1430 1049 1496 viderit
1065 1429 1178 1494 Demo-

142 1527 252 1613 critus;
278 1547 381 1612 neque
404 1531 488 1596 enim
511 1531 552 1594 ad
576 1531 661 1597 hunc
683 1550 861 1597 sermonem
884 1531 944 1598 hoc
963 1532 1111 1617 pertinet,
1136 1539 1178 1613 et,

142 1630 168 1694 si
189 1632 370 1716 pertineret,
394 1634 516 1700 nescire
545 1656 596 1702 me
627 1641 733 1700 tamen
763 1633 797 1698 id
827 1655 891 1699 non
921 1635 1065 1718 puderet,
1094 1635 1179 1716 quod

143 1754 182 1800 nc
214 1735 275 1819 ipsi
308 1735 354 1800 illi
389 1737 516 1820 quidem
554 1739 672 1804 scirent
710 1739 764 1821 qui
801 1738 1034 1821 pollicerentur.
1091 1738 1178 1804 locus
1198 1746 1249 1795 236

91 1855 122 1902 ¹5
142 1846 246 1905 autem
269 1846 301 1903 et
322 1839 410 1923 regio
433 1842 524 1924 quasi
545 1840 669 1906 ridiculi
692 1879 735 1888 —
758 1861 832 1906 narn
855 1839 888 1904 id
911 1842 1056 1925 proxime
1085 1859 1179 1922 quae·

143 1943 217 2008 ritur
239 1981 282 1990 -
304 1944 498 2027 turpitudine
530 1951 562 2010 et
592 1944 791 2010 deformitate
822 1943 960 2027 quadam
991 1943 1177 2009 continetur.

143 2045 219 2112 baec
242 2047 327 2111 enim
350 2046 492 2113 ridentur
521 2049 573 2114 vel
596 2049 664 2114 sola
694 2049 745 2114 vel
775 2048 924 2129 maxime,
955 2069 1037 2132 quae
1067 2053 1179 2113 notant

143 2156 173 2215 et
204 2150 376 2234 designant
409 2151 638 2236 turpitudinem
669 2152 810 2234 aliquam
845 2172 909 2218 non
944 2151 1085 2237 turpiter.
1133 2157 1181 2216 est

141 2260 256 2336 autem,
280 2261 314 2320 ut
341 2254 384 2318 ad
412 2254 490 2320 illud
520 2256 647 2322 tertium
677 2255 815 2336 veniam,
846 2262 894 2320 est
923 2256 1019 2340 plane
1048 2255 1180 2320 oratoris

92 2374 125 2421 no
142 2379 268 2424 movere
298 2359 411 2423 risum:
446 2360 497 2424 vel
528 2358 613 2443 quod
645 2360 716 2445 ipsa
749 2359 892 2424 hilaritas
925 2358 1182 2425 benevolentiam

143 2462 287 2527 conciliat
311 2462 340 2526 ei
363 2482 419 2546 per
442 2483 536 2546 quem
559 2463 701 2528 excitata
723 2469 784 2546 est,
810 2463 861 2527 vel
885 2463 969 2544 quod
984 2462 1182 2528 admirantur

143 2585 251 2630 omncs
273 2585 417 2646 acumen,
449 2586 511 2631 uno
542 2587 638 2650 saepe
668 2567 702 2631 in
733 2567 830 2632 verbo
858 2567 1005 2650 positum,
1040 2567 1180 2631 maxime

142 2668 371 2754 respondentis
394 2689 459 2734 non
481 2689 655 2751 numquam
678 2669 776 2734 etiam
796 2670 998 2756 lacessentis;
1022 2669 1074 2735 vel
1096 2668 1181 2751 quod

142 2772 260 2856 frangit
281 2771 508 2854 adversarium,
540 2772 624 2854 quod
655 2773 797 2856 impedit,
830 2773 915 2854 quod
946 2776 1059 2854 elevat,
1095 2773 1180 2854 quod

91 2894 124 2942 25
143 2875 286 2958 deterret,
311 2875 396 2959 quod
417 2877 551 2960 refutat3
575 2878 626 2942 vel
649 2876 734 2958 quod
755 2877 860 2961 ipsum
876 2885 1033 2944 oratorem
1049 2876 1181 2961 politum

144 2999 211 3046 esse
233 2980 393 3064 hominem
417 2979 584 3063 significat,
609 2979 693 3062 quod
717 2979 883 3060 eruditum,
908 2981 992 3062 quod
1015 2982 1182 3063 urbanum,

142 3082 366 3170 maximelque]
398 3083 483 3166 quod
513 3083 672 3149 tristitiam
703 3102 741 3147 ac
764 3083 968 3149 severitatem
992 3083 1117 3167 mitigat
1144 3104 1182 3148 ac

142 3189 262 3253 relaxat
285 3187 474 3270 odiosasque
496 3207 547 3252 res
570 3207 676 3270 saepe,
701 3206 780 3269 quas
802 3188 997 3269 argumentis
1014 3184 1093 3250 dilui
1116 3208 1180 3252 non

142 3292 233 3358 facile
256 3298 314 3374 est,
338 3292 406 3357 ioco
436 3291 564 3372 risuque
594 3290 747 3356 dissolvit.
795 3294 950 3371 quatenus
980 3296 1087 3352 autem
1118 3290 1182 3354 sint
1202 3296 1252 3346 23⁷

93 3412 126 3460 so
142 3396 271 3462 ridicula
294 3394 461 3460 tractanda
484 3395 598 3461 oratori
621 3415 774 3479 perquam
805 3392 977 3474 diligenter
1006 3388 1183 3457 videndum

144 3506 254 3565 est-
278 3497 333 3586 [id]
358 3497 442 3581 quod
472 3499 505 3562 in
529 3505 639 3580 quarto
670 3497 738 3562 loco
762 3493 934 3578 quaerendi
965 3511 1183 3576 posueramus.

142 3625 215 3672 nam
237 3624 298 3669 nec
320 3603 455 3686 insignis
477 3602 662 3686 improbitas
687 3609 718 3666 et
741 3599 859 3666 scelere
875 3596 984 3662 iuncta
998 3615 1059 3661 uec
1074 3614 1184 3664 rursus

142 3708 267 3776 miseria
290 3707 426 3791 insignis
448 3706 569 3790 agitata
591 3706 727 3771 ridetur:
751 3702 945 3768 facinerosos
966 3699 1084 3767 maiore
1109 3719 1186 3782 qua-

141 3812 214 3881 dam
244 3813 277 3878 vi
307 3832 403 3895 quam
434 3809 556 3877 ridiculi
588 3808 745 3875 volnerari
768 3805 895 3888 volunt;
928 3803 1060 3870 miseros
1083 3802 1186 3873 inludi
