2834 4110
307 149 420 203 LIBER
437 149 473 202 ΙΙ.
510 148 592 203 CAP.
606 149 717 204 54-55.
754 152 769 211 ὅ
787 149 933 204 ano-224.
1072 132 1134 195 129

115 321 260 387 celeritate
283 328 379 403 atque
410 321 495 388 dicto
525 329 581 386 est.
627 342 703 387 nam
734 321 814 387 haee
844 328 997 406 perpetua
1027 329 1136 388 eontra
1155 335 1204 384 221

112 424 286 490 Scaevolam
318 425 455 490 Curiana
484 424 629 490 defensio
659 431 727 491 tota
757 423 948 490 redundavit
977 425 1136 490 hilaritate

110 527 237 608 quadam
260 534 292 592 et
315 529 400 613 iooo;
424 529 510 594 dieta
531 528 585 593 illa
608 529 718 594 brevia
741 549 803 594 non
820 528 939 593 habuit.
985 529 1137 612 parcebat

107 631 185 696 enirn
206 631 379 697 adversarii
402 631 559 715 dignitati,
582 633 614 697 in
639 652 700 714 quo
716 632 784 715 ipse
801 633 1009 697 conservabat
1028 651 1135 714 suam;

67 735 186 816 5quod
212 743 259 802 est
293 736 473 801 hominibus
506 736 618 803 facetis
650 744 682 801 et
708 735 872 802 dicacibus
906 735 1136 815 difficillimum,

106 837 218 904 habere
240 840 402 905 hominum
425 841 579 905 rationem
603 848 635 906 11
658 847 834 923 temporum
858 846 890 904 et
919 860 1062 922 eaquae
1089 859 1137 904 oe·

106 950 235 1025 currant,
260 965 332 1008 cum
356 944 526 1009 salsissime
550 944 613 1009 diei
635 949 777 1028 possunt,
794 949 910 1009 tenere.
951 944 1058 1025 itaque
1073 963 1138 1008 non

107 1048 183 1112 nulli
203 1045 327 1114 ridiculi
349 1047 493 1114 homines
523 1049 583 1114 hoe
613 1050 716 1133 ipsum
747 1068 811 1113 non
841 1048 960 1114 insulse
990 1047 1139 1133 interpre-

103 1157 214 1217 tantur.
258 1141 366 1218 dicere
389 1153 474 1218 enim
497 1154 586 1217 aiunt
607 1153 746 1217 Ennium
769 1145 939 1216 ‘flammam
959 1153 1139 1237 asapiente
1157 1163 1207 1211 222

52 1265 83 1311 10
104 1253 224 1322 facilius
247 1276 300 1322 ore
323 1257 356 1320 in
379 1257 511 1322 ardente
534 1257 669 1341 opprimi
693 1275 788 1338 quam
804 1258 888 1321 bona
903 1254 988 1321 diota
1007 1252 1138 1339 teneat';

103 1357 181 1424 hace
203 1361 321 1425 scilieet
343 1361 427 1426 bona
449 1360 535 1426 dicta
557 1382 640 1443 quae
663 1361 748 1426 salsa
770 1361 849 1445 sint,
874 1380 947 1425 nam
973 1383 1011 1427 ea
1034 1355 1139 1425 ‘dicta'

103 1466 299 1548 appellantur
329 1467 455 1550 proprio
488 1467 553 1530 iam
586 1467 722 1531 nomine.
770 1464 826 1531 sed
856 1471 891 1530 ut
921 1466 955 1531 in
986 1466 1199 1534 Scaevolam

107 1569 260 1633 continuit
283 1589 321 1634 ea
346 1570 478 1636 Crassus
500 1576 596 1652 atque
618 1570 652 1634 in
675 1570 728 1634 illo
750 1569 848 1634 altero
871 1589 999 1653 genere,
1022 1571 1056 1634 in
1079 1589 1140 1652 quo

105 1671 182 1735 nulli
203 1673 305 1737 aculei
329 1674 588 1739 contumeliarum
611 1673 746 1754 inerant,
771 1693 899 1737 oausam
927 1673 1013 1738 illam
1037 1673 1140 1756 dispu-

55 1783 83 1829 15
102 1775 315 1858 tationemque
346 1777 429 1858 lusit,
460 1777 506 1842 sio
535 1778 567 1842 in
598 1779 706 1857 Bruto,
737 1797 831 1858 quem
855 1776 964 1841 oderat
992 1782 1139 1856 atquem

103 1877 234 1962 dignum
258 1880 449 1944 contumelia
471 1879 641 1961 indicabat,
665 1886 798 1962 utroque
827 1899 945 1962 genere
975 1877 1139 1962 pugnavit.

101 2001 194 2064 quam
216 1982 316 2048 multa
339 1981 378 2048 de
401 1984 524 2048 balneis
547 2003 625 2066 quas
641 2003 742 2068 nuper
758 1983 809 2048 ille
825 1981 1020 2062 vendiderat,
1045 1991 1210 2062 1111111223

100 2089 199 2152 multa
221 2087 261 2152 de
284 2088 402 2152 amisso
427 2089 616 2172 patrimonio
640 2088 735 2153 dixit!
767 2095 862 2169 atque
884 2087 938 2150 illa
965 2085 1075 2151 brevia
1097 2123 1140 2131 —

101 2211 172 2255 cum
194 2192 247 2256 ille
270 2190 390 2257 diceret
414 2197 458 2256 'se
481 2192 549 2257 sine
572 2211 669 2256 causa
698 2191 832 2272 sudare',
857 2183 997 2254 ‘minime
1016 2189 1139 2252 mirum'

54 2299 82 2346 2⁰
103 2293 205 2378 inquit
233 2294 336 2361 ‘modo
365 2295 449 2359 enim
477 2295 571 2360 existi
594 2295 634 2360 de
661 2289 795 2360 balneis‘
825 2333 868 2342 —
898 2292 1141 2358 innumerabilia

103 2397 239 2480 fuerunt,
275 2397 332 2464 sed
366 2420 429 2464 non
464 2399 568 2464 minus
602 2397 741 2463 iucunda
773 2398 828 2463 illa
861 2404 1024 2482 perpetua.
1070 2417 1140 2461 cnm

104 2502 189 2567 enirn
210 2503 328 2568 Brutus
350 2500 413 2568 duo
436 2503 569 2568 lectores
593 2501 764 2567 excitasset
788 2507 818 2565 ct
840 2501 931 2566 alteri
955 2499 995 2566 de
1019 2501 1142 2565 colonia

101 2605 304 2672 Narbonensi
335 2606 440 2672 Crassi
470 2607 644 2670 orationem
673 2604 843 2688 legendam
871 2603 1020 2686 dedisset,
1051 2605 1141 2668 alteri

104 2707 143 2774 de
165 2710 235 2794 lege
260 2709 405 2790 Servilia,
430 2715 555 2775 etcum
579 2709 735 2774 contraria
756 2708 840 2773 inter
863 2728 933 2774 sese
956 2707 996 2772 de
1026 2727 1061 2771 re
1087 2727 1142 2790 pu·

57 2823 85 2870 11
102 2811 184 2878 blica
206 2813 313 2897 capita
336 2813 529 2893 contulisset,
553 2819 659 2878 noster
681 2811 733 2876 hic
756 2811 948 2876 facetissime
971 2811 1027 2875 tris
1042 2809 1141 2894 patris

102 2916 190 2982 Bruti
213 2917 253 2984 de
277 2917 344 2982 iure
375 2917 461 2981 civili
491 2917 614 2982 libellos
643 2917 743 2981 tribus
773 2915 925 2999 legendos
956 2915 1053 2982 dedit.
1100 2923 1210 2977 11224

14 3095 15 3115 ¹
103 3020 181 3085 libro
214 3022 333 3105 primo:
369 3014 461 3085 ‘forte
495 3019 602 3085 evenit
631 3026 667 3084 ut
699 3019 732 3083 in
766 3019 945 3084 Privernati
981 3012 1142 3085 essemus.³

15 3117 16 3186 1
104 3115 218 3206 ‘Brute
242 3125 429 3191 testificatur
451 3129 542 3207 pater
565 3143 598 3188 sc
622 3123 680 3188 tibi
695 3123 913 3187 Privernatem
941 3121 1075 3191 fundum
1097 3140 1142 3184 re·

103 3225 251 3310 liquisse.²
297 3226 414 3292 deinde
438 3246 478 3291 11
500 3227 580 3292 libro
608 3225 764 3291 secundo:
795 3219 839 3289 ‘in
861 3226 987 3292 Albano
1017 3219 1142 3286 eramus

15 3379 16 3390 ,
61 3336 88 3386 30
104 3351 161 3415 ego
183 3340 215 3398 et
237 3333 363 3396 Marcus
384 3326 490 3394 tilius.²
535 3323 674 3415 ‘sapiens
696 3329 845 3394 videlicet
867 3327 962 3394 homo
989 3343 1060 3389 cum
1083 3324 1142 3408 pri-

104 3435 162 3500 mis
183 3443 310 3502 nostrae
334 3434 473 3500 civitatis
494 3441 585 3498 norat
608 3433 692 3498 bunc
713 3432 888 3516 gurgitem:
912 3426 1075 3496 metuebat
1090 3446 1142 3508 ne,

107 3557 174 3604 cum
195 3541 224 3606 is
247 3539 326 3604 nihil
354 3538 496 3617 haberet,
526 3536 605 3601 nihil
633 3557 702 3602 esse
730 3535 759 3599 ei
785 3535 929 3599 relietum
957 3525 1143 3617 putaretur.³

107 3647 168 3708 tum
191 3665 232 3710 ex
255 3644 335 3708 libro
357 3641 461 3722 tertio,
484 3641 517 3704 in
541 3660 603 3723 quo
625 3641 722 3704 finem
745 3633 904 3702 scribendi
928 3633 1004 3700 feeit
1033 3640 1144 3698 -tot

108 3747 196 3830 enim,
220 3755 255 3813 ut
277 3745 386 3812 audivi
409 3744 595 3810 Scaevolam
619 3743 733 3821 dicere,
762 3746 835 3804 sunt
862 3739 929 3801 veri
952 3737 1044 3801 Bruti
1071 3737 1144 3801 libri

155 3857 260 3903 Ciceronis
274 3859 300 3900 ds
314 3861 396 3900 oratore
410 3856 467 3897 libri.
969 3842 984 3888 9
