2866 4110
375 233 485 288 mann
503 235 524 288 1.
555 214 637 289 obn.
652 239 692 291 56.
723 241 738 300 s
757 238 901 293 238-240.
1112 223 1151 286 61

111 426 194 488 quae
218 405 356 495 tandem
379 427 484 471 earum
507 427 603 473 causa
618 408 678 472 fuit
693 429 775 490 quae
790 409 831 473 ab
847 409 975 474 bomine
995 410 1153 491 eloquenti

110 510 188 574 iuris
210 509 364 592 imperito
386 529 448 574 non
470 511 668 576 ornatissime
689 512 826 595 potuerit
848 511 936 576 dici?
959 513 1073 594 quibus
1089 513 1154 594 qui-

109 612 185 677 dem
208 614 242 677 in
267 612 376 677 causis
397 613 541 678 omnibns
564 653 606 662 -
630 615 710 680 sicut
732 616 765 682 in
787 615 858 699 ipsa
880 616 921 680 M'
946 615 1042 696 Curii,
1071 635 1153 697 quae

110 716 225 780 abste
249 735 357 798 nuper
384 722 430 780 est
452 716 545 799 dicta,
578 724 609 781 et
636 718 669 781 in
700 719 735 784 C.
760 718 889 783 Hostilii
913 718 1052 783 Mancini
1083 737 1153 784 con·

76 819 266 886 stroversia
298 824 395 899 atque
428 820 460 883 in
492 841 529 886 eo
560 840 657 904 puero
689 822 741 903 qui
773 841 813 885 ex
837 821 936 886 altera
966 828 1059 887 natus
1085 830 1152 886 erat

110 942 210 986 uxore
234 941 302 986 non
327 922 455 988 remisso
481 925 592 989 nuntio
608 923 760 1007 superiori
776 961 817 971 -
832 924 892 988 fuit
907 925 989 990 inter
1003 924 1153 1008 peritissi-

110 1044 178 1090 mos
206 1022 359 1089 homines
385 1045 506 1090 summa
532 1026 572 1091 de
601 1027 670 1091 inre
697 1025 862 1092 dissensio.
909 1049 1025 1110 quaero
1057 1029 1152 1119 igitur
1170 1047 1221 1096 ase

111 1127 186 1209 quid
209 1127 374 1192 adiuverit
396 1135 547 1194 oratorem
570 1123 676 1194 in'his
700 1130 803 1195 causis
818 1130 894 1196 iuris
914 1131 1056 1212 scientia,
1081 1151 1152 1197 oum

111 1229 162 1294 hie
184 1231 266 1294 iuris
292 1231 452 1296 consultus
474 1233 614 1315 superior
636 1231 733 1296 fuerit
758 1231 963 1314 discessurus,
992 1235 1045 1316 qui
1068 1241 1152 1300 esset

62 1354 91 1399 10
110 1353 173 1397 non
198 1354 258 1398 suo
282 1332 424 1413 artificio,
448 1333 504 1398 sed
526 1335 641 1414 alieno,
666 1334 725 1400 boo
749 1341 882 1400 estnon
905 1336 981 1400 iuris
1008 1337 1151 1418 scientia,

110 1436 167 1500 sed
190 1436 377 1517 eloquentia
399 1443 600 1502 sustentatus.
648 1437 794 1519 equidem
817 1437 876 1502 hoo
905 1458 1001 1522 saepe
1028 1439 1150 1505 audivi:

111 1558 181 1603 cum
205 1536 404 1603 aedilitatem
427 1540 461 1602 P.
480 1540 612 1606 Crassus
641 1545 763 1623 peteret
789 1560 925 1622 eumque
952 1543 1051 1607 maior
1072 1550 1151 1607 natu

111 1649 142 1706 et
164 1643 230 1706 iam
261 1641 433 1706 consularis
460 1643 526 1708 Ser.
549 1643 653 1708 Galba
681 1642 905 1724 adsectaretur‚
933 1644 1017 1726 quod
1045 1646 1150 1710 Crassi

110 1746 208 1811 filiam
233 1745 268 1810 C.
292 1743 357 1808 filio
385 1764 441 1810 suo
471 1744 702 1830 despondisset,
730 1746 903 1811 accessisse
925 1745 975 1809 ad
1002 1747 1150 1812 Crassum

63 1867 92 1914 15
111 1845 301 1914 consulendi
325 1867 420 1912 eausa
436 1847 594 1929 quendam
609 1849 821 1931 rusticannm3
845 1849 898 1929 qui
914 1867 986 1912 eum
1002 1848 1150 1913 Crassum
1167 1922 1170 1927 ,

111 1951 296 2016 seduxisset
317 1958 413 2033 atque
435 1951 476 2014 ad
499 1971 572 2015 eum
592 1952 767 2018 rettulisset
793 1968 1040 2033 responsumque
1055 1950 1095 2013 ab
1112 1969 1149 2015 eo

111 2077 223 2121 verum
247 2054 351 2139 magis
374 2074 468 2136 quam
491 2053 533 2117 ad
556 2075 646 2119 suam
662 2076 729 2120 rem
748 2051 1022 2118 adcommodatum
1045 2052 1149 2117 abstu-

111 2159 208 2239 lisset,
240 2165 276 2222 ut
307 2177 378 2221 eum
409 2157 530 2221 tristem
561 2157 665 2222 Galba
694 2157 785 2236 vidit,
817 2155 946 2220 nomine
975 2155 1150 2239 appellavit

111 2260 334 2343 quaesivitque
356 2257 482 2341 quade
504 2261 602 2324 read
626 2260 774 2326 Crassum
800 2257 978 2322 rettulisset.
1019 2277 1059 2322 ex
1087 2277 1149 2339 quo

62 2372 145 2433 nont
179 2362 304 2428 audivit
334 2367 584 2442 commotumque
614 2368 648 2425 ut
670 2361 750 2424 vidit
777 2360 947 2440 hominem,
975 2352 1149 2444 ‘suspenso'

111 2468 215 2550 inquit
238 2459 355 2530 ‘animo
378 2471 409 2530 et
434 2472 585 2547 occupato
615 2464 764 2529 Crassum
791 2463 848 2528 tibi
875 2463 1076 2546 respondisse
1106 2465 1150 2527 vi·

111 2566 199 2652 deo;'
226 2567 344 2633 deinde
366 2568 469 2651 ipsum
485 2567 634 2633 Crassum
658 2586 754 2630 manu
768 2564 937 2650 prehendit
952 2573 985 2631 et
999 2560 1088 2632 ‘heus
1103 2562 1148 2630 tu’
1167 2591 1217 2638 240

110 2673 213 2754 inquit
235 2664 324 2753 ‘quid
350 2671 407 2735 tibi
430 2671 463 2734 in
487 2677 626 2736 mentem
649 2669 737 2734 venit
759 2669 804 2732 ita
825 2665 1051 2753 respondere?'
1080 2676 1148 2733 tum

109 2775 163 2840 ille
186 2773 330 2854 fidenter,
360 2772 453 2838 homo
480 2772 699 2856 peritissimus,
727 2770 912 2835 confirmare
939 2771 984 2834 ita
1016 2790 1050 2836 se
1080 2792 1147 2836 rem
1259 2777 1262 2785 '

60 2900 91 2948 25
109 2877 229 2942 habere
251 2883 287 2940 ut
312 2873 527 2959 respondisset
557 2895 618 2940 nec
641 2873 771 2938 dubium
801 2893 871 2938 esse
897 2893 1000 2958 posse.
1044 2874 1147 2939 Galba

110 2987 218 3044 autem
240 2978 395 3043 adludens
417 2977 505 3041 varie
528 2984 560 3041 et
583 2977 709 3060 copiose
724 2977 840 3041 multas
856 2975 1078 3040 similitudines
1093 2975 1146 3039 ad·

108 3082 192 3146 ferre
215 3081 384 3163 multaque-
405 3101 462 3164 pro
491 3080 652 3160 aequitate
683 3085 792 3142 contra
820 3079 870 3143 ius
900 3077 1020 3163 dicere3
1050 3085 1145 3159 atque

109 3186 206 3265 illum,
240 3193 310 3248 oum
340 3182 525 3262 disserendo
554 3202 612 3265 par
639 3200 708 3247 esse
738 3201 801 3246 non
832 3187 939 3264 posset
968 3219 1011 3228 -
1041 3200 1146 3261 quam·

110 3308 205 3369 quam
227 3285 287 3350 luit
310 3287 442 3351 Crassus
469 3285 503 3348 in
532 3304 662 3349 numero
693 3283 890 3364 disertorum,
914 3281 971 3348 sed
996 3303 1054 3366 par
1076 3282 1146 3346 Gal-

60 3413 91 3460 so
109 3391 170 3454 bae
199 3389 285 3453 nullo
314 3388 470 3454 modo-
495 3387 537 3450 ad
566 3393 709 3452 auctores
738 3386 918 3468 eonfirgisse
945 3390 977 3448 et
1001 3383 1035 3446 id
1061 3383 1145 3463 quod
1219 3452 1221 3460 ,

107 3493 176 3575 ipse
206 3492 324 3556 diceret
354 3500 387 3557 et
415 3491 450 3555 in
472 3491 506 3555 P.
522 3490 618 3554 Mucii
645 3489 752 3554 fratris
780 3489 827 3554 sui
850 3487 937 3551 libris
960 3493 991 3550 et
1013 3485 1046 3549 in
1070 3485 1143 3550 Ser.

109 3596 193 3660 Aelii
215 3594 450 3660 commentariis
472 3593 621 3676 seriptum
643 3592 809 3676 protulisse
831 3609 868 3653 ao
891 3596 998 3652 tamen
1021 3606 1145 3652 conces-

109 3700 188 3764 sisse
212 3699 331 3765 Galbae
354 3697 596 3781 disputationem
619 3696 680 3760 sibi
703 3692 897 3776 probabilem
920 3695 952 3751 et
974 3708 1071 3770 prope
1094 3708 1144 3752 ve-

104 3823 177 3868 ram
199 3801 308 3867 videri.
