2836 4114
289 191 349 254 192
518 206 631 260 LIBER
644 206 696 261 111.
722 205 805 261 OAP.
819 209 931 262 22-23.
957 209 1095 270 §84-87.

286 380 456 463 quaeritur,
480 379 520 445 de
544 380 688 446 absoluta
711 385 743 445 et
764 379 908 464 perlecta
930 380 1041 462 quaeri
1063 367 1161 444 solet(
1199 401 1264 462 qua
1295 401 1332 446 re

285 485 312 550 si
334 484 399 548 iam
421 504 472 549 me
495 483 589 549 voltis
613 503 683 550 esse
706 471 878 564 oratorem,
897 483 924 548 si
948 483 1045 547 etiam
1072 489 1122 548 sat
1144 484 1277 565 bonum,
1304 485 1333 548 si

284 588 402 652 bonum
426 586 573 670 denique,
597 607 662 651 non
691 586 886 670 repugnabo.
934 585 1011 668 quid
1041 587 1125 651 enim
1157 608 1244 652 nunc
1267 587 1331 653 sim

286 691 456 775 ineptus?
479 691 525 756 ita
547 710 598 755 me
626 690 800 754 existimari
824 691 897 755 scio.
944 689 1029 772 quod
1052 691 1079 755 si
1101 691 1147 754 ita
1163 696 1222 772 est,
1247 711 1333 757 sum·

284 815 354 859 mur
377 801 484 860 tamen
508 801 592 859 certe
616 813 679 858 non
702 813 790 878 snm3
821 813 926 876 neque
957 793 1042 858 enim
1064 792 1149 878 apud
1180 794 1367 860 hominess»

284 918 336 964 res
359 905 407 962 est
429 898 494 962 nlla
516 897 675 962 diffieilior
697 917 801 980 neque
823 897 923 962 maior
946 916 1006 962 nee
1028 917 1110 980 quae
1132 897 1224 982 plura
1239 897 1332 963 adin-

233 1013 265 1062 ae
284 1007 393 1066 menta
415 1000 579 1066 doetrinae
601 999 769 1066 desideret.
816 1020 854 1065 ao
876 1007 985 1066 tamen
1009 1001 1158 1084 quoniam
1189 1001 1231 1067 de
1263 1023 1332 1067 ora-

285 1111 352 1170 tore
374 1104 466 1170 nobis
495 1102 724 1188 disputandum
754 1110 812 1185 est,
844 1102 885 1168 de
915 1124 1038 1169 summo
1069 1109 1192 1170 oratore
1220 1103 1331 1170 dicam

284 1226 415 1274 necesse
438 1215 494 1273 est.
540 1208 589 1272 vis
613 1207 698 1272 euim
722 1214 754 1272 et
776 1213 891 1272 natura
913 1207 969 1288 rei,
1000 1207 1062 1273 nisi
1085 1207 1228 1291 perfecta
1251 1216 1331 1273 ante

285 1310 392 1375 oculos
413 1311 549 1394 ponitur,
573 1311 676 1392 qualis
698 1317 731 1376 et
753 1316 872 1392 quanta
894 1310 936 1375 sit
957 1310 1100 1395 intellegi
1123 1332 1188 1376 non
1211 1318 1329 1395 potest.
1353 1322 1384 1369 10

284 1419 474 1494 meantem,
500 1413 620 1494 dature,
643 1413 745 1479 fatcor
767 1433 871 1495 neque
893 1412 989 1479 hodie
1018 1414 1144 1479 inistis
1174 1414 1264 1480 libris
1298 1423 1332 1480 θῖ

285 1535 356 1580 curn
378 1515 448 1581 istis
471 1515 652 1582 hominibus
675 1517 784 1583 vivere
807 1536 867 1581 nec
888 1536 975 1598 vero,
1005 1516 1039 1580 id
1069 1516 1154 1599 quod
1181 1523 1216 1582 tu
1238 1524 1331 1584 recte

285 1619 535 1701 commeministi,
559 1620 655 1684 ullum
678 1640 828 1702 umquam
844 1619 994 1686 habuisse
1010 1621 1183 1705 sepositum
1199 1628 1331 1705 tempus

284 1723 544 1805 addiscendum,
575 1744 613 1789 ac
644 1730 767 1788 tanturn
796 1724 945 1789 tribuisse
972 1723 1135 1790 doctrinae
1162 1726 1330 1809 temporis,

284 1834 438 1910 qnantum
460 1826 537 1891 mihi
553 1827 682 1911 puerilis
696 1833 796 1908 aetas,
819 1826 962 1892 forenses
985 1827 1083 1892 feriae
1099 1829 1328 1894 concesserint.
1351 1839 1382 1885 15

225 1903 264 2026 ἐξ
283 1951 330 2011 ac,
354 1931 381 1996 si
404 1931 539 2012 qnaeris,
564 1931 685 2012 Catule,
708 1929 749 1996 de
772 1929 916 1995 doctrina
930 1931 993 1996 ista
1008 1929 1084 2014 quid
1100 1950 1159 2014 ego
1176 1931 1329 2014 sentiam,

283 2053 347 2098 non
369 2040 493 2099 tantum
508 2034 673 2118 ingenioso
688 2033 809 2098 homini
825 2039 856 2099 θῖ
879 2034 908 2098 θί
924 2034 979 2116 qui
994 2033 1107 2115 forum,
1124 2034 1177 2116 qui
1193 2035 1329 2118 curiam,

192 2173 194 2177 ν
282 2138 337 2219 qui
360 2153 482 2218 causas,
507 2139 560 2220 qni
583 2137 832 2223 rempublicam
856 2144 978 2222 spectet
1000 2159 1081 2223 opus
1103 2157 1173 2204 esse
1188 2139 1329 2205 arbitror

282 2241 441 2325 temporis,
465 2248 618 2322 quantum
641 2241 702 2306 sibi
725 2241 747 2305 ii
770 2248 971 2324 sumpserunt
987 2261 1066 2322 quos
1082 2240 1242 2307 discentes
1258 2243 1330 2307 vita

282 2345 407 2410 defecit.
454 2364 564 2410 omnes
587 2346 672 2409 enim
695 2352 779 2410 artes
809 2344 899 2408 aliter
929 2345 969 2409 ab
993 2345 1033 2409 iis
1063 2350 1239 2410 tractantur
1269 2348 1329 2428 qui
1349 2357 1406 2403 aox

209 2465 211 2469 ·
283 2467 337 2512 eas
359 2446 400 2510 ad
424 2468 516 2513 usum
538 2447 742 2528 transferunt,
766 2447 857 2512 aliter
872 2448 913 2512 ab
929 2447 968 2512 iis
984 2449 1038 2530 qui
1053 2449 1192 2532 ipsarum
1207 2448 1329 2514 artium

281 2555 416 2614 tractatu
432 2548 579 2614 delectati
594 2548 673 2613 nihil
689 2550 721 2613 in
737 2551 804 2615 vita
820 2558 893 2616 sunt
912 2549 1000 2615 aliud
1022 2552 1131 2616 acturi.
1169 2552 1328 2636 magister

282 2652 334 2716 hic
357 2652 545 2718 Samnitium
569 2673 692 2718 summa
713 2653 778 2716 iam
801 2660 964 2720 senectute
987 2661 1036 2720 θεῖ
1058 2661 1090 2720 θῖ
1105 2653 1220 2721 cotidie
1242 2675 1329 2720 com-

282 2762 457 2838 mentatur;
481 2755 560 2819 nihil
583 2756 668 2820 enim
699 2763 788 2820 curat
814 2756 909 2821 aliud.
956 2763 990 2821 at
1012 2756 1049 2834 Q.
1066 2757 1213 2823 Velocius
1243 2778 1328 2842 puer

282 2856 495 2941 addidicerat3
519 2858 576 2924 sed
599 2858 684 2940 quod
707 2866 775 2924 erat
796 2866 890 2944 aptus
913 2859 956 2924 ad
978 2861 1056 2926 illud
1078 2867 1242 2943 totumque
1275 2883 1327 2928 co·
1348 2873 1380 2921 no

281 2967 406 3044 gnorat,
430 2960 499 3042 luit,
523 2969 558 3026 nt
581 2968 629 3026 est
651 2962 736 3046 apud
759 2963 942 3046 Lucilium,

627 3119 771 3200 quamvis
794 3120 896 3183 bonus
921 3118 990 3202 ipse

371 3220 498 3286 Samnis
520 3221 553 3284 in
576 3219 650 3286 ludo
673 3241 711 3285 ac
733 3221 865 3286 rudibus
888 3222 989 3286 cuivis
1012 3223 1089 3288 satis
1112 3241 1228 3306 asper3

283 3375 340 3440 sed
371 3377 442 3460 plus
471 3395 588 3460 operae
623 3373 690 3440 foro
723 3376 892 3456 tribuebat,
928 3375 1049 3456 amicis,
1082 3376 1127 3440 rei
1161 3374 1326 3443 familiari.

282 3479 427 3544 Valerius
462 3478 576 3544 cotidie
614 3480 780 3564 cantabat3
812 3485 880 3545 erat
910 3479 995 3544 enim
1025 3479 1207 3545 scaenicus:
1243 3481 1322 3561 quid
1347 3493 1379 3540 30

230 3593 262 3641 aa
281 3581 402 3646 faceret
438 3581 549 3646 aliud?
587 3590 622 3647 at
657 3583 827 3648 Numerius
861 3583 975 3647 Furius
1012 3589 1119 3647 noster
1154 3581 1324 3650 familiaris

283 3703 353 3747 cum
377 3690 425 3749 est
447 3684 646 3750 commodum
671 3692 794 3770 cantat;
823 3692 872 3750 θεῖ
895 3684 980 3749 enim
1003 3684 1242 3768 paterfamilias,
1276 3693 1325 3752 θεῖ

281 3804 378 3867 eques
393 3787 571 3871 Romanus3
595 3809 672 3872 puer
687 3787 798 3852 didicit
814 3787 897 3870 quod
912 3787 1099 3853 discendum
1114 3790 1186 3870 fait.
1211 3787 1326 3855 eadem
