2834 4110
292 142 354 206 122
447 171 452 177 ·
495 158 606 212 mana
624 159 661 212 u.
691 157 900 213 enarr-49.
931 159 1111 222 §rau-noo.

230 333 381 470 48,ctl'
398 331 539 412 Didium,
568 351 640 396 cum
666 329 862 396 intercedere
890 331 1011 396 vellent
1040 332 1206 415 rogationi,
1237 353 1333 400 nemo

230 416 414 520 48poterut
441 455 569 519 negare.
619 433 842 500 accedebatu
844 434 967 500 thaec
993 441 1028 499 tu
1058 434 1249 502 adulescens
1276 459 1332 522 pro

291 561 325 604 ra
358 539 486 624 publica
515 539 604 622 queri
638 558 761 604 summa
795 559 867 602 curn
902 537 1058 622 dignitate
1094 541 1333 624 existimatore,

291 663 361 728 ego,
384 643 479 708 homo
494 642 664 722 censorius,
688 642 744 706 vix
760 642 838 706 satis
853 640 986 707 honeste
1001 640 1128 710 viderer
1147 642 1333 708 seditiosum

292 749 393 812 civem
418 753 449 811 et
471 747 505 810 in
520 745 657 810 hominis
673 745 846 811 consularis
864 745 1044 832 calamitate
1062 744 1225 812 crudelem
1240 767 1333 831 posse
1350 763 1367 808 s

249 909 250 912 ,
291 849 472 916 defendere.
519 857 609 915 crant
632 849 743 934 optimi
766 849 854 914 cives
869 848 999 930 iudices,
1023 850 1179 916 bonorum
1194 851 1332 916 virorum

291 956 419 1038 plenum
442 953 554 1036 forum,
576 954 633 1018 vix
655 959 690 1017 ut
713 953 790 1018 mihi
814 945 918 1019 tenuis
942 952 1098 1036 quaedam
1127 955 1224 1020 venia
1247 954 1333 1022 darc-

158 1051 162 1057 ’
200 1058 224 1124 ,’
292 1065 342 1122 tur
365 1057 587 1138 excusationis,
611 1054 696 1138 quod
719 1062 826 1121 tamen
850 1076 922 1121 eum
945 1055 1150 1122 defenderem
1174 1059 1229 1140 qui
1257 1058 1334 1123 mihi

293 1158 409 1225 sodalis
431 1158 552 1226 fuisset.
599 1159 651 1224 hio
674 1179 734 1244 ego
758 1159 834 1242 quid
861 1159 966 1224 dicam
989 1167 1166 1228 meantem
1194 1161 1334 1244 aliquam

292 1263 500 1329 adhibuisse?
524 1263 600 1347 quid
615 1264 745 1328 fecerim
761 1265 909 1347 narrabo;
933 1265 960 1330 si
976 1265 1139 1349 placuerit,
1156 1285 1215 1331 vos
1226 1285 1335 1332 meam
1353 1279 1388 1326 10

225 1383 274 1430 ree
292 1367 511 1434 defensionem
533 1368 567 1431 in
589 1368 695 1450 aliquo
717 1367 795 1432 artis
817 1369 885 1432 loco
908 1369 1086 1452 reponetis·
1124 1368 1267 1434 omnium
1291 1388 1336 1434 se-

293 1472 445 1537 ditionum
470 1491 590 1556 genera
612 1473 691 1538 vitia
713 1473 854 1556 pericula
868 1473 993 1556 conlegi
1010 1491 1143 1555 eamque
1159 1472 1335 1538 orationem

294 1596 334 1641 ex
358 1577 443 1641 omni
467 1577 514 1640 rei
536 1577 682 1660 publicae
705 1583 832 1642 nostrae
859 1582 1037 1660 temporum
1065 1577 1221 1642 varietate
1249 1597 1336 1660 repe·

292 1681 351 1746 tivi
379 1681 580 1762 conclusique
614 1680 668 1760 ita,
703 1686 738 1744 ut
771 1679 919 1760 dicerem,
954 1680 1015 1745 etsi
1037 1699 1148 1745 omnes
1182 1682 1335 1745 molestae

294 1804 419 1869 semper
442 1783 613 1850 seditiones
635 1783 779 1864 fuissent,
803 1783 902 1848 iustas
925 1789 1032 1848 tamen
1056 1783 1154 1849 fuisse
1181 1805 1246 1850 non
1271 1785 1334 1849 nul·
1357 1800 1386 1846 rc

293 1891 340 1954 las
364 1896 396 1953 ct
418 1908 516 1972 prope
539 1887 745 1968 necessarias.
792 1893 858 1951 tum
889 1887 943 1952 illa
967 1907 1048 1970 quae
1078 1887 1173 1953 modo
1202 1889 1334 1966 Crassus

294 1992 560 2058 commemorabat
583 1992 650 2076 egi:
675 2010 779 2074 neque
807 2009 898 2074 reges
929 2010 970 2056 ex
997 1990 1059 2056 hac
1089 1991 1220 2056 civitate
1248 1992 1334 2076 exigi

292 2116 396 2180 neque
424 2097 566 2161 tribunos
600 2095 702 2178 plebis
738 2094 837 2160 creari
875 2115 978 2178 neque
1008 2095 1184 2180 plebiscitis
1217 2097 1334 2162 totiens

296 2201 493 2266 consularem
515 2204 704 2283 potestatem
728 2198 827 2263 minui
850 2219 955 2282 neque
986 2199 1254 2284 provocationem,
1283 2221 1334 2285 pa·

293 2312 416 2371 tronam
439 2303 524 2366 illam
548 2301 685 2367 civitatis
709 2321 747 2365 ae
769 2301 927 2367 vindicem
953 2303 1117 2385 libertatis,
1142 2304 1259 2387 populo
1274 2305 1333 2368 Rc·
1355 2320 1389 2366 ac

293 2430 387 2474 mano
418 2407 487 2472 dari
521 2407 591 2472 sinc
622 2407 773 2473 nobilium
812 2408 1014 2484 dissensione,
1043 2408 1200 2492 potuisse,
1236 2429 1275 2474 ac
1308 2408 1334 2473 ei

293 2515 366 2578 illac
387 2511 559 2578 seditiones
581 2512 675 2576 saluti
698 2510 772 2576 huic
787 2512 909 2578 civitati
925 2512 1081 2592 fuissent,
1094 2531 1158 2576 non
1174 2512 1336 2594 continuo,

294 2619 320 2684 si
344 2617 415 2700 quis
438 2622 540 2682 motus
562 2617 670 2700 populi
693 2616 796 2682 factus
820 2621 913 2697 essct,
938 2615 972 2680 id
996 2617 1029 2682 C.
1051 2617 1203 2682 Norbano
1225 2617 1260 2681 in
1283 2637 1337 2682 ne-

293 2722 373 2788 fario
404 2720 533 2786 crimine
564 2727 659 2803 atque
690 2721 723 2784 in
751 2718 863 2785 fraude
891 2719 1019 2804 capitali
1047 2739 1117 2786 esse
1138 2720 1334 2803 ponendum.

295 2824 407 2908 quodsi
430 2844 581 2906 umquam
602 2825 718 2908 populo
741 2825 884 2889 Romano
907 2843 1094 2889 concessum
1110 2829 1194 2890 esset
1217 2831 1252 2888 ut
1267 2825 1337 2892 iure
1356 2836 1387 2886 no

293 2929 442 2994 incitatus
468 2927 644 3010 videretur,
675 2927 709 2992 id
739 2928 823 3011 quod
850 2927 1005 2994 docebam
1036 2947 1132 3012 saepe
1162 2911 1233 2994 esse
1265 2948 1338 2994 con-

295 3052 427 3112 cessum,
450 3032 568 3096 nullam
590 3033 644 3096 illa
667 3052 763 3096 eausa
785 3032 947 3096 iustiorem
972 3031 1079 3098 fuisse.
1116 3037 1183 3096 turn
1207 3051 1338 3098 ornnem

295 3136 468 3202 orationem
492 3135 619 3200 traduxi
643 3142 674 3200 et
698 3136 838 3200 converti
862 3137 895 3200 in
918 3134 1146 3221 increpandam
1164 3135 1338 3219 Caepionis

294 3241 415 3325 fugam,
437 3240 471 3304 in
488 3238 716 3323 deplorandum
740 3240 905 3310 interitum,
918 3239 1086 3304 exercitus.
1118 3238 1164 3303 sic
1180 3245 1211 3302 et
1227 3259 1337 3306 corum

293 3344 433 3411 dolorem
456 3344 510 3426 qui
532 3344 684 3428 lugebant
706 3363 778 3408 suos
802 3344 942 3409 oratione
957 3343 1148 3408 refricabam
1165 3347 1196 3407 et
1211 3344 1338 3410 animos
1355 3355 1385 3404 ac

295 3449 435 3532 equiturn
458 3449 680 3527 Romanorum,
703 3447 790 3530 apud
814 3453 982 3530 questum
1005 3447 1127 3512 iudices
1151 3466 1248 3512 causa
1263 3467 1338 3533 age·
1413 3461 1414 3476 l

233 3553 349 3679 49tba
336 3559 393 3633 t,ur
417 3550 460 3615 ad
483 3549 520 3627 Q
539 3551 708 3634 Caepionis
730 3550 847 3632 odium,
870 3572 891 3615 a
914 3571 975 3634 quo
999 3557 1090 3616 crant
1118 3551 1179 3634 ipsi
1206 3559 1339 3636 propter
1413 3627 1414 3630 Ἴ

225 3700 276 3747 200
233 3626 411 3719 4⁹iudioia
444 3654 642 3736 abalienati,
661 3657 864 3720 renovabam.
911 3654 996 3736 quod
1025 3655 1080 3722 ubi
1104 3655 1188 3722 sensi
1220 3675 1273 3722 mc
1304 3658 1338 3724 in
1413 3681 1414 3750 ι

294 3758 525 3841 possessionem
559 3758 667 3824 iudicii
705 3779 744 3824 ao
782 3759 977 3824 defensionis
1014 3779 1106 3824 meae
1144 3760 1338 3844 constitisse,
1413 3809 1414 3866 ἦ

224 490 273 538 198
