2866 4110
300 161 340 224 10
538 181 649 235 uruca
668 182 689 232 1.
726 182 808 236 cnr.
823 186 916 237 9-ro.
954 188 968 246 s
987 155 1098 238 se-ro.

246 363 278 412 37
298 349 477 418 dicentibus
504 372 573 418 esse
601 355 812 420 constitutas?
857 377 898 422 an
921 374 996 422 vero
1023 357 1079 421 tibi
1106 358 1259 424 Romulus
1285 359 1338 424 ille

297 461 353 520 aut
382 462 525 540 pastores
560 463 590 521 et
625 477 784 523 convenas
819 479 1031 545 congregasse
1064 467 1119 525 aut
1149 461 1338 528 Sabinorum

298 559 433 624 conubia
454 561 657 626 coniunxisse
676 569 731 626 a'ut
754 561 957 654 finitimorum
981 563 1047 632 vim
1069 566 1257 648 repressisse
1281 567 1339 632 elo·

297 663 428 744 quentia
443 657 578 744 vid'etur,
594 684 658 729 nen
674 666 804 730 consilio
824 673 856 730 et
871 667 1028 750 sapientia
1044 667 1218 750 singulari?
1242 668 1338 751 quid?

297 766 331 830 in
360 767 466 831 Numa
497 767 662 851 Pompilio,
694 768 794 850 quid?
828 770 862 834 in
893 770 1003 836 Servio
1025 770 1137 853 Tullio,
1169 771 1271 853 quid?
1305 774 1372 837 ino

298 869 411 934 ceteris
427 870 565 953 regibus,
583 891 714 953 quorum
729 873 829 937 multa
848 880 923 938 sunt
945 874 1072 954 eximia·
1085 875 1127 942 ad
1150 876 1338 941 constituen-

285 971 371 1036 'dam
394 965 461 1036 rem
484 974 654 1057 publicam,
671 996 746 1039 num
770 967 969 1058 eloquentiae
989 978 1158 1061 vestigium
1172 981 1337 1064 apparet?

298 1076 400 1159 quid?
424 1079 545 1143 exactis
565 1068 703 1162 regibus,
725 1081 852 1145 tametsi
872 1081 974 1164 ipsam
998 1083 1198 1148 exactionem
1220 1091 1337 1165 mente,

296 1200 360 1245 non
387 1181 496 1265 lingua
523 1181 696 1266 perfectam
719 1185 754 1248 L.
772 1185 861 1249 Bruti
884 1205 954 1251 esse
978 1186 1144 1267 cernimus,
1169 1185 1225 1251 sed
1249 1186 1336 1252 dein·
1413 1233 1414 1236 ,

298 1304 373 1368 ceps
397 1285 510 1350 'omnia
539 1306 644 1351 nonne
674 1287 768 1370 plena
799 1288 1008 1370 consiliorum,
1035 1289 1144 1354 inania
1170 1291 1338 1356 verborum
1357 1307 1389 1353 10

245 1378 278 1445 '38
297 1383 468 1454 videmus?
492 1410 551 1473 ego
575 1411 650 1457 vero
674 1391 699 1456 si
723 1391 818 1458 velim
842 1399 872 1457 et
887 1400 1014 1459 nostrae
1030 1393 1166 1458 civitatis
1183 1395 1338 1478 exemplis

298 1493 344 1556 uti
367 1499 398 1557 et
420 1493 563 1574 aliarum,
587 1495 678 1577 plura
700 1494 840 1579 proferre
870 1497 988 1580 possim
1018 1496 1208 1562 detrimenta
1238 1499 1338 1582 publi·
1411 1485 1414 1490 '¹

193 1595 195 1599 ’
298 1596 344 1662 cis
366 1597 460 1661 rebus
484 1617 578 1679 quam
601 1598 785 1664 adiumenta
807 1620 863 1683 per
891 1600 1035 1666 homines
1063 1602 1337 1683 eloquentissimos

230 1684 238 1695 ’
297 1700 475 1783 importata.
514 1701 571 1766 sed
601 1707 636 1766 ut
666 1702 786 1785 reliqua
814 1704 1074 1787 praetermittam,
1098 1705 1237 1770 emnium
1260 1705 1336 1768 mihi

297 1802 416 1886 videor,
448 1805 601 1889 exceptis,
629 1806 753 1889 Crasse,
780 1807 870 1873 vobis
901 1795 1033 1889 duobus,
1065 1808 1337 1891 eloquentissimos
1357 1825 1389 1874 ra

297 1907 424 1974 audisse
451 1910 498 1974 Ti.
521 1917 552 1975 et
575 1910 610 1976 0.
627 1911 839 1995 Sempronius,
865 1932 995 1994 quorum
1023 1918 1123 1996 pater,
1147 1912 1241 1978 homo
1266 1931 1337 1995 pru·

297 2011 376 2078 dens
400 2021 431 2078 et
453 2015 570 2098 gravis,
585 2015 832 2106 haudquaquam
852 2017 1013 2099 eloquens,
1031 2023 1062 2080 et
1086 2035 1181 2100 saepe
1203 2016 1283 2080 alias
1306 2022 1338 2080 et

297 2117 436 2181 maxime
467 2137 578 2183 censor
608 2119 702 2184 saluti
732 2120 778 2184 rci
808 2121 955 2204 publicae
985 2118 1053 2183 fuit.
1100 2127 1199 2200 atque.
1222 2119 1249 2183 is
1272 2140 1336 2184 nou

246 2247 250 2252 ·
295 2219 447 2284 adcurata
470 2219 607 2302 quadam
636 2222 786 2287 orationis
813 2223 915 2306 copia,
939 2221 995 2286 sed
1019 2227 1097 2285 nutu
1120 2229 1216 2302 atque
1239 2223 1338 2288 verbo

296 2324 460 2388 libertinos
475 2324 508 2387 in
523 2325 662 2404 urbanas
684 2325 784 2394 tribus
807 2325 983 2408 transtulit3
1008 2322 1092 2404 quod
1114 2323 1175 2387 nisi
1198 2323 1337 2406 fecisset,
1356 2344 1391 2392 ao

296 2448 362 2502 rem
385 2427 554 2510 publicam,
574 2447 669 2508 quam
691 2446 776 2490 nuno
799 2427 855 2490 vix
878 2433 1031 2506 tenemus,
1053 2424 1117 2490 iam
1140 2425 1195 2491 diu
1217 2427 1338 2492 nullam

221 2535 222 2538 ’
296 2531 495 2596 haberemus.
531 2536 661 2618 atvero
685 2528 752 2594 eius
774 2528 831 2592 filii
854 2527 964 2616 diserti
988 2535 1020 2592 et
1041 2529 1187 2595 omnibus
1210 2532 1262 2595 vel
1280 2553 1338 2622 na-

206 2712 210 2719 .
297 2642 386 2700 turae
408 2634 460 2699 vel
487 2633 649 2698 doctrinae
676 2631 845 2717 praesidiis
871 2631 913 2695 ad
937 2631 1106 2697 dicendum
1128 2634 1241 2717 parati,
1266 2655 1338 2700 cum

192 2799 195 2804 .
297 2739 458 2803 civitatem
481 2738 533 2802 vel
559 2743 691 2820 paterno
718 2735 847 2800 oonsilio
869 2737 921 2801 vel
951 2737 1046 2802 avitis
1068 2738 1164 2804 armis
1187 2737 1339 2803 florentis-

297 2843 409 2907 simam
439 2840 646 2925 accepissent,
673 2839 737 2903 ista·
764 2840 926 2922 praeclara
954 2841 1186 2925 gubernatrice,
1213 2849 1248 2907 ut
1277 2841 1336 2926 ais,
1354 2863 1392 2931 25

244 2920 279 3042 ἐξ
297 2945 470 3027 civitatum,
487 2943 677 3026 eloquentia,
693 2962 760 3007 rem
782 2943 943 3027 publicam
967 2944 1210 3031 dissipaverunt.
1239 2947 1338 3029 quid?

277 3050 383 3133 ¹leges
406 3055 531 3120 veteres
553 3066 718 3129 moresque
741 3046 904 3129 maiorum,
925 3048 1025 3131 quid?
1048 3050 1199 3134 auspicia,
1224 3051 1338 3132 quibus

299 3150 349 3240 [et]
375 3173 433 3237 ego
457 3160 489 3218 et
510 3159 555 3232 tu,
580 3152 704 3232 Crasse,
733 3170 803 3215 cum
834 3172 951 3236 magna
982 3152 1027 3217 rei
1057 3153 1202 3237 publicae
1233 3155 1335 3219 salute

296 3247 496 3341 praesumus,
517 3254 619 3338 quid?
642 3247 811 3338 religiones
834 3262 866 3320 et
889 3257 1108 3336 caerimoniae,
1133 3256 1234 3338 quid?
1257 3256 1339 3322 haec

296 3360 366 3426 iura
385 3359 500 3441 civilia,
518 3379 599 3441 quae
621 3359 685 3424 iam
707 3358 830 3443 pridem
853 3359 886 3424 in
908 3367 1016 3425 nostra
1038 3359 1158 3424 familia
1181 3359 1250 3426 sine
1272 3361 1338 3426 ulla
1357 3382 1393 3429 30

297 3464 496 3548 eloquentiae
527 3462 619 3529 laude
649 3469 826 3544 versantur,
849 3483 925 3532 num
955 3467 1011 3526 aut
1033 3462 1164 3526 inventa
1187 3469 1260 3528 sunt
1282 3472 1339 3529 aut

244 3569 501 3658 recognitarum
523 3569 650 3634 omnino
674 3569 714 3633 ab
738 3573 895 3632 oratorum
918 3586 1035 3650 genere
1058 3566 1217 3631 tractata?
1252 3570 1339 3649 equi-

206 3683 210 3691 ’
297 3673 369 3738 dem
397 3679 429 3738 et
452 3672 518 3738 Ser.
536 3672 670 3752 Galbam
696 3671 849 3738 memoria
878 3676 971 3736 teneo
1004 3669 1146 3734 divinum
1176 3669 1338 3736 hominem

296 3776 329 3841 in
360 3775 497 3842 dicendo
528 3783 559 3842 et
585 3778 626 3843 bl.
643 3776 814 3844 Aemilium
837 3774 1002 3840 Porcinam
1030 3779 1060 3838 et
1087 3773 1121 3838 Ο.
1139 3773 1243 3857 ipsum
1267 3775 1340 3840 Oar—
1413 3825 1414 3878 l
