2836 4114
307 226 418 282 LIBER
430 226 482 282 111.
507 226 589 282 cAP.
603 229 715 284 33-34.
740 231 756 292 ξ
771 230 917 286 134-138.
1067 211 1131 276 205

90 401 251 485 fidemque
291 401 505 487 praestabant.
562 401 639 484 quid
672 403 757 468 enim
792 402 833 467 M.
860 402 972 469 Catoni
1005 407 1132 487 praeter
1151 411 1200 461 135

89 505 173 572 hanc
194 505 417 591 politissimam
439 505 614 571 doctrinam
637 506 885 572 transmarinam
900 512 995 588 atque
1015 506 1131 571 adven-

88 611 196 675 ticiam
219 608 348 674 defuit?
371 629 456 691 num,
480 608 554 692 quia
576 609 625 676 ius
648 609 741 675 civile
758 609 922 692 didicerat,
937 629 1052 675 causas
1067 630 1131 675 non

89 713 242 780 dicebat?
266 719 322 778 aut
344 714 418 796 quia
439 720 564 799 poterat
585 713 701 796 dicere,
732 714 809 780 iuris
834 713 999 780 scientiam
1027 714 1131 798 negle-

60 818 211 903 5gebat?
246 823 379 900 utroque
411 818 446 883 in
479 837 597 902 genere
631 826 663 884 et
696 818 872 884 elaboravit
902 825 934 884 et
962 817 1128 903 praestitit.

89 943 164 988 num
198 927 329 1006 propter
361 922 444 988 hanc
478 943 519 988 cx
555 922 751 1014 privatorum
786 923 922 1008 negotiis
955 923 1130 988 conlectam

88 1026 226 1112 gratiam
259 1024 377 1090 tardior
411 1027 444 1092 in
477 1046 512 1091 re
541 1026 669 1111 publica
696 1026 900 1111 capessenda
928 1026 1014 1092 fuit?
1036 1046 1130 1091 nemo

89 1128 174 1216 apud
183 1129 339 1214 populum
349 1129 467 1211 fortior,
480 1150 573 1196 nemo
584 1131 694 1196 melior
708 1137 852 1216 senator;
870 1128 922 1220 [et]
935 1130 1021 1196 idem
1036 1130 1131 1196 facile

20 1313 21 1320 ἵ
89 1235 227 1319 optimus
251 1233 435 1320 imperator3
459 1233 596 1317 denique
618 1233 698 1299 nihil
719 1235 754 1299 in
778 1234 839 1300 hac
862 1235 991 1300 civitate
1013 1241 1131 1320 tempo·

20 1337 21 1424 ξ
47 1349 73 1398 10
88 1338 175 1404 ribus
198 1336 262 1402 illis
284 1336 355 1401 sciri
378 1336 498 1404 discive
520 1338 623 1422 potuit
645 1336 731 1420 quod
753 1338 807 1404 ille
829 1359 894 1404 non
916 1359 988 1404 eum
1003 1338 1131 1404 investi-

20 1429 21 1436 *
89 1442 171 1527 gerit
195 1446 228 1506 et
259 1438 364 1505 scierit
392 1446 459 1506 tum
489 1435 585 1506 etiam
615 1441 846 1526 conscripserit.
901 1463 987 1507 nunc
1021 1448 1131 1507 contra
1152 1451 1200 1499 136

89 1545 232 1630 plerique
254 1541 297 1607 ad
318 1542 453 1610 honores
481 1537 705 1630 adipiscendos
739 1551 770 1610 ct
800 1544 843 1609 ad
873 1565 940 1611 rem
969 1546 1130 1631 publicam

89 1647 265 1734 gerendam
287 1646 364 1712 nudi
386 1648 519 1713 veniunt
540 1654 636 1731 atque
658 1649 807 1730 inermes,
835 1650 923 1715 nulla
949 1650 1130 1734 cognitione

88 1774 203 1834 rerum,
226 1751 314 1816 nulla
335 1752 468 1818 scientia
490 1753 602 1818 ornati.
649 1753 699 1818 sin
722 1753 839 1836 aliquis
862 1753 990 1819 excellit
1011 1773 1128 1819 unuse

48 1869 74 1916 15
88 1859 206 1938 multis,
231 1856 321 1920 effert
343 1876 388 1938 se,
416 1856 443 1923 si
464 1877 563 1922 unum
592 1857 714 1939 aliquid
746 1857 867 1923 adfert:
897 1864 953 1923 ant
982 1859 1129 1925 bellicam

88 1962 240 2027 virtutem
261 1965 317 2024 aut
339 1980 431 2025 usum
453 1960 592 2043 aliquem
620 1961 800 2043 militarem,
832 1982 914 2045 quae
936 1982 1014 2028 sane
1045 1982 1130 2027 nunc

89 2065 218 2148 quidem
242 2063 481 2149 obsoleverunt;
510 2072 567 2129 aut
596 2065 673 2131 iuris
704 2067 882 2147 scientiam,
910 2086 952 2131 ne
974 2067 1042 2132 eius
1065 2066 1129 2148 qui-

18 2171 20 2220 l
88 2169 161 2235 dem
183 2167 344 2253 universi;
378 2188 453 2233 nam
483 2169 689 2253 pontificium,
721 2170 806 2254 quod
835 2176 883 2236 est
917 2171 1128 2252 coniunctum,

88 2293 182 2348 nemo
205 2269 316 2355 discit3
347 2279 403 2338 aut
432 2273 654 2355 eloquentiam,
692 2295 788 2358 quam
818 2274 852 2339 in
883 2275 1019 2340 clamore
1042 2275 1129 2339 etin

18 2399 19 2406 ¹
45 2390 73 2438 ac
88 2377 259 2443 verberum
281 2395 374 2442 cursu
395 2377 531 2461 positam
553 2382 681 2463 putant3
706 2378 846 2444 omnium
876 2400 952 2445 vero
974 2380 1129 2445 bonarum

88 2481 215 2561 artium,
239 2478 377 2563 denique
406 2480 557 2546 virtutum
587 2481 728 2566 ipsarum
759 2483 943 2549 societatem
973 2483 1130 2569 cognatio-

89 2604 227 2669 nemque
249 2605 312 2649 non
335 2592 460 2650 norunt.
499 2585 556 2652 sed
577 2593 613 2652 ut
635 2586 677 2652 ad
701 2589 839 2654 Graecos
861 2588 998 2654 referam
1020 2554 1198 2677 oratic-{³22

89 2710 172 2771 nem,
204 2688 320 2771 quibus
351 2709 458 2754 carere
490 2687 542 2778 [in]
575 2689 635 2755 hoc
666 2691 794 2775 quidem
828 2693 982 2758 sermonis
1012 2713 1129 2777 genere

89 2815 152 2860 non
175 2813 343 2879 possumus
366 2832 410 2842 -
432 2815 506 2859 nam
529 2800 564 2860 ut
585 2796 711 2863 virtutis
738 2817 758 2862 a
785 2798 910 2880 nostris,
942 2797 988 2863 sic
1018 2796 1129 2863 doctri·

45 2910 72 2958 as
89 2919 149 2964 nae
172 2904 247 2965 sunt
269 2897 310 2963 ab
334 2898 396 2964 illis
419 2899 567 2984 exempla
588 2900 730 2985 petenda
752 2938 795 2948 —
818 2907 942 2987 septem
964 2900 1063 2967 fuisse
1085 2901 1129 2965 di-

91 3009 202 3068 cuntur
223 3022 287 3067 uno
309 3007 451 3087 tempore
474 3003 528 3086 qui
550 3003 713 3088 sapientes
744 3010 775 3069 et
801 3004 992 3071 haberentur
1023 3011 1055 3070 et
1077 3027 1129 3072 vo·

90 3112 252 3173 canentur:
275 3105 309 3171 hi
331 3126 441 3172 omnes
463 3112 588 3191 praeter
610 3107 768 3173 Milesium
791 3108 924 3174 Thalem
947 3109 1128 3175 civitatibus

90 3212 154 3277 suis
186 3210 403 3295 praefuerunt.
449 3210 520 3294 quis
554 3209 676 3278 doctior
706 3210 809 3277 isdem
839 3212 1035 3296 temporibus
1066 3213 1128 3278 illis

89 3322 143 3380 aut
176 3315 266 3381 cuius
296 3315 477 3397 eloquentia
505 3315 619 3382 litteris
649 3316 830 3382 instructior
863 3316 996 3381 traditur
1029 3315 1128 3382 fuisse

46 3428 73 3478 30
89 3441 186 3502 quam
218 3418 402 3484 Pisistrati?
435 3419 490 3502 qui
522 3420 643 3506 primus
682 3420 812 3487 Homeri
845 3421 945 3486 libros
980 3420 1128 3487 confusos

88 3531 184 3591 antea
213 3525 260 3590 sic
290 3522 484 3607 disposuisse
516 3523 642 3606 dicitur,
676 3532 711 3590 ut
742 3545 825 3590 nunc
859 3523 1030 3590 habemns:
1064 3545 1128 3591 non

89 3629 149 3696 fuit
178 3629 232 3694 ille
263 3626 392 3711 quidem
419 3628 543 3694 civibus
565 3630 630 3694 suis
652 3630 748 3710 utilis,
782 3628 839 3694 sed
869 3629 913 3693 ita
947 3629 1128 3712 eloquentia

88 3733 203 3813 floruit,
227 3737 262 3795 ut
283 3729 395 3797 litteris
418 3729 622 3814 doctrinaque
648 3737 833 3817 praestaret.
873 3731 949 3815 quid
963 3733 1127 3800 Pericles?
1147 3745 1197 3795 138

89 3836 129 3902 de
152 3836 242 3902 cuius
265 3833 392 3900 dicendi
414 3836 447 3900 vi
470 3835 515 3900 sic
536 3836 726 3919 accepimus,
757 3842 801 3918 ut,
834 3856 906 3903 cum
936 3844 1046 3903 contra
1076 3860 1128 3905 vo·
