2834 4110
264 113 325 176 120
466 127 578 182 LIBER
597 128 632 182 II.
663 127 746 182 GAP.
758 129 870 182 46-47.
901 131 916 191 ἓ
935 128 1080 182 rol—194.

261 301 430 385 suscipitur
459 301 502 366 ad
530 302 662 366 aliorum
702 302 826 366 animos
859 298 1107 385 permovendos,
1143 305 1306 364 oratorem

260 405 364 489 ipsum
387 405 490 490 magis
513 407 609 469 etiem
634 425 728 487 quam
752 424 942 486 quemquam
965 423 1072 468 eorum
1097 403 1151 484 qui
1167 402 1307 467 audiunt
1408 419 1409 422 ’

193 519 242 566 191
261 515 432 593 permovet.
479 516 574 573 etue
597 509 656 574 hoo
678 509 711 572 in
735 509 847 588 oeusis,
871 508 905 572 in
920 507 1054 587 iudiciis,
1077 507 1111 570 in
1127 506 1308 572 amisorum

260 612 396 696 periclis,
420 612 453 676 in
477 632 630 678 ooneursu
654 611 828 692 hominum,
851 611 885 675 in
908 611 1045 690 civitate,
1068 610 1103 673 in
1126 609 1196 675 foro
1220 609 1305 674 aoei-

261 716 336 780 dere
370 716 533 796 miremur,
569 735 640 780 oum
673 715 777 798 agitur
809 735 873 779 non
911 715 1012 779 solum
1045 713 1169 798 ingenii
1204 715 1351 780 nostris

262 819 455 884 existimatio
489 856 531 865 -
565 838 639 882 nam
669 817 703 882 id
733 824 816 884 esset
845 817 961 902 levius3
997 837 1201 900 quamquam,
1231 838 1307 882 oum

260 921 423 1006 professus
445 923 489 986 sis
512 928 544 987 te
567 921 600 986 id
621 941 716 1006 posse
738 921 844 986 faeere
868 921 951 1004 quod
973 921 1075 1005 pauci,
1106 940 1149 985 ne
1179 921 1215 985 id
1236 923 1308 1005 qui-

261 1025 334 1089 dem
357 1024 591 1109 neglegendum
614 1032 676 1109 est;
700 1025 757 1090 sed
779 1025 843 1090 alia
865 1032 939 1099 sunt
953 1025 1074 1089 maiora
1088 1025 1198 1105 multo,
1222 1024 1308 1091 fides

261 1126 400 1192 officium
438 1127 613 1212 diligentia,
646 1129 760 1211 quibus
793 1130 887 1194 rebus
921 1127 1061 1208 adducti,
1098 1128 1195 1192 etiam
1230 1149 1306 1194 oum

261 1230 472 1297 alienissimos
495 1231 706 1313 defendimus,
730 1240 837 1298 tamen
861 1252 915 1298 eos
937 1233 1067 1312 alienos,
1096 1232 1122 1297 si
1151 1233 1213 1316 ipsi
1241 1233 1307 1298 viri
1332 1243 1368 1289 10

194 1343 243 1390 193
261 1335 336 1399 boui
359 1335 504 1399 volumus
526 1335 647 1417 haberi,
671 1337 852 1402 existimare
875 1358 939 1402 non
969 1357 1137 1421 possumus
1167 1337 1306 1419 -sed,

261 1445 296 1503 ut
319 1437 396 1518 dixi,
420 1459 461 1503 ne
484 1439 544 1504 hoe
565 1440 599 1503 in
621 1441 714 1505 nobis
737 1441 850 1505 mirum
873 1461 942 1506 esse
965 1440 1119 1521 videatur,
1150 1440 1307 1525 quidvpo·

260 1547 323 1606 test
345 1561 416 1607 esse
439 1549 504 1607 tam
526 1543 635 1609 fiotum
658 1564 753 1626 quam
777 1564 895 1626 versus,
924 1565 1018 1628 quam
1046 1565 1173 1626 scaeua,
1206 1565 1307 1627 quam

240 1645 413 1710 ¹fabulae?
448 1653 555 1711 tamen
585 1648 618 1712 in
648 1647 709 1712 hoe
730 1669 848 1732 genere
878 1669 975 1733 saepe
1003 1650 1073 1733 ipse
1100 1648 1168 1713 vidi
1197 1657 1234 1714 ut
1261 1669 1307 1715 ex

260 1770 397 1833 persona
419 1751 496 1814 milri
519 1751 630 1817 ardere
653 1752 735 1816 oeuli
757 1751 894 1817 hominis
923 1753 1084 1818 histrionis
1118 1752 1307 1818 viderentur
1329 1768 1362 1814 15

259 1854 450 1938 †spoudalli
472 1855 527 1919 illa
550 1855 700 1934 dicentis:

305 1961 473 2042 segregare
495 1961 554 2054 alus
576 1966 607 2024 16
630 1961 737 2024 adsu's
752 1965 807 2024 aut
823 1961 892 2026 sine
906 1961 958 2027 illo
975 1961 1137 2027 Salamiua
1152 1962 1305 2046 ingredi?

304 2065 407 2145 neque
430 2070 597 2146 paternum
621 2066 785 2147 aspectum
809 2084 843 2130 es
866 2064 1009 2129 veritus?

261 2186 433 2248 numquam
461 2168 549 2231 illum
580 2161 765 2252 ‘aspectum'
799 2166 927 2232 dicebat
957 2168 1032 2250 quiu
1061 2168 1137 2233 mihi
1167 2170 1303 2236 Telamo

261 2270 359 2334 iratus
381 2270 485 2334 furere
507 2272 593 2336 luotu
624 2271 678 2334 filii
710 2270 878 2337 videretur.
925 2277 958 2335 at
989 2271 1075 2336 idem
1105 2272 1225 2338 inflexa
1258 2273 1303 2338 ad
1324 2287 1358 2332 ao

262 2373 473 2437 miserabilem
497 2394 608 2438 sonum
631 2393 727 2438 voce:

521 2497 615 2559 quom
638 2479 744 2542 aetate
767 2486 880 2543 exacta
902 2478 1044 2563 indigem

304 2579 437 2644 liberum
460 2579 606 2644 lacerasti
629 2582 746 2646 orbasti
770 2583 921 2664 extinxti;
950 2602 1054 2665 neque
1084 2582 1190 2648 fratris
1213 2585 1303 2650 neeis

304 2685 409 2765 neque
421 2683 489 2749 eius
500 2683 590 2768 gnati
602 2685 701 2767 parvi,
719 2686 772 2766 qui
789 2686 846 2750 tibi
861 2690 894 2750 lu
907 2687 1037 2750 tutelam
1052 2692 1099 2750 est
1110 2686 1246 2752 traditus
1259 2727 1303 2736 -

260 2787 341 2852 flens
375 2807 414 2851 ao
446 2789 559 2872 lugens
595 2789 699 2854 dicere
734 2789 910 2855 videbatur.
970 2809 1051 2871 quae
1086 2790 1112 2854 si
1149 2791 1203 2855 ille
1240 2792 1302 2857 his-
1321 2801 1352 2850 25

260 2892 330 2973 trio,
362 2891 477 2957 ootidie
508 2913 579 2957 eum
610 2900 732 2978 ageret,
764 2900 870 2958 tamen
902 2891 1008 2980 [reete]
1032 2913 1128 2976 agere
1152 2894 1221 2958 sine
1249 2894 1301 2960 do-

260 2997 326 3060 lore
353 3016 415 3060 nou
446 3003 579 3080 poterat,
612 2997 689 3079 quid
714 2998 890 3061 Pacuvium
920 2997 1038 3080 putatis
1068 2997 1101 3060 in
1132 2997 1300 3064 scribendo

261 3099 325 3164 leni
348 3101 454 3164 animo
472 3122 515 3165 ae
537 3103 669 3166 remisso
700 3100 823 3166 fuisse?
854 3101 921 3166 fieri
952 3101 1036 3165 nullo
1064 3100 1157 3165 modo
1188 3101 1300 3185 poluit.

191 3210 244 3257 194
263 3224 359 3289 saepe
382 3204 466 3268 euim
489 3204 597 3269 audivi
620 3211 746 3288 poetam
770 3206 887 3270 bouum
910 3205 1070 3269 neminem
1093 3203 1191 3268 —id
1216 3204 1299 3286 quod

261 3329 282 3372 a
303 3309 484 3374 Demoorito
509 3314 539 3372 61
561 3309 694 3374 Platone
717 3309 750 3373 in
774 3308 899 3391 seriptis
922 3308 1065 3372 relietum
1088 3327 1160 3372 esse
1191 3306 1346 3372 dicuntae

262 3447 304 3458 -
328 3412 395 3476 sine
418 3412 667 3476 inflammatione
690 3399 866 3476 animomm
890 3411 1027 3475 existere
1050 3431 1143 3495 posse
1172 3416 1203 3475 et
1231 3412 1299 3476 siue

200 3515 237 3570 47
262 3515 399 3596 quodam
422 3515 541 3580 adflatu
565 3517 654 3596 quasi
677 3514 800 3580 furoris.
848 3535 910 3597 qua
938 3533 971 3578 re
994 3514 1090 3577 nolite
1118 3514 1298 3578 existimare

263 3637 313 3681 me
336 3619 449 3701 ipsum,
474 3620 528 3701 qui
551 3639 614 3683 nou
637 3618 767 3682 heroum
782 3625 908 3682 veteres
924 3637 1016 3682 oasus
1031 3617 1183 3699 fictosque
1199 3618 1299 3682 luotus

262 3721 358 3785 velim
381 3722 497 3786 imitari
527 3729 622 3803 atque
645 3720 834 3786 adumbrare
850 3718 986 3786 dioendo
1002 3740 1106 3802 neque
1128 3726 1217 3786 aeter
1241 3721 1298 3786 sim
