2866 4110
296 195 338 259 62
546 209 658 263 LIBER
677 208 698 261 Ι.
729 207 811 262 ΟΑΡ.
825 209 866 262 57.
897 211 912 270 ἓ
929 206 1075 262 241-244.

238 365 272 418 57
400 386 447 450 Ac
462 389 570 449 tamen
593 403 674 464 quae
698 400 812 446 causae
835 385 909 444 sunt
925 379 992 442 eius
1009 376 1094 441 modi
1115 381 1151 439 ut
1166 374 1207 440 de
1225 395 1332 440 earum
1412 413 1414 468 l

296 489 363 553 iure
385 486 517 552 dubium
541 505 610 550 esse
634 506 697 549 non
720 483 830 568 possit,
853 483 981 548 omnino
1004 481 1037 545 in
1053 468 1206 544 iudicium
1226 479 1333 545 vocari

228 438 274 487 241

296 613 360 656 non
383 591 492 656 solent.
538 609 613 654 num
637 589 708 670 quis
730 607 768 652 eo
790 591 979 651 testamento
1003 581 1087 665 quod
1102 581 1332 666 paterfamilias
1413 601 1414 616 ³

296 694 469 758 antefecit
492 713 586 774 quarn
610 692 639 756 ei
662 691 745 756 filius
768 696 862 754 natus
885 693 968 754 esset
991 685 1201 752 hereditatem
1229 686 1331 768 petit?
1412 707 1414 778 4

297 818 405 880 nemo;
422 796 496 877 quia
509 801 631 860 constat
646 791 849 877 agnascendo
870 792 974 876 rumpi
989 795 1222 856 testamentum.
1260 809 1332 873 ergo
1349 797 1361 844 5

297 900 330 964 in
352 899 412 963 hoc
434 917 551 981 genere
573 898 649 963 iuris
672 896 790 961 indicia
811 896 897 960 nulla
925 902 1006 960 sunt.
1053 894 1125 958 licet
1154 893 1253 976 igitur
1279 895 1332 957 im·

298 1021 383 1085 pune
405 1001 520 1066 oratori
543 1020 669 1066 omnem
692 998 774 1064 hanc
797 1005 919 1082 partem
947 997 1023 1062 iuris
1049 1016 1113 1060 non
1141 997 1334 1062 controversi

229 1123 280 1171 aaa
298 1105 453 1186 ignorare,
479 1123 560 1185 quae
582 1123 656 1192 pars
680 1104 748 1167 sine
776 1101 872 1167 dubio
903 1101 1001 1165 multo
1028 1100 1170 1165 maxima
1198 1107 1256 1165 est.
1302 1100 1334 1164 in

299 1229 336 1274 eo
359 1213 466 1272 autem
488 1207 554 1271 iure
577 1206 662 1288 quod
684 1206 856 1290 ambigitur
877 1205 961 1269 inter
975 1204 1184 1288 peritissimos
1207 1210 1335 1269 nonest

298 1310 428 1376 difficile
451 1310 566 1375 oratori
589 1311 657 1373 eius
680 1310 780 1392 partis
802 1328 1034 1390 quamcumque
1057 1305 1209 1372 defendet
1232 1312 1379 1374 aucto-10

299 1434 365 1479 rem
388 1413 526 1494 aliquem
547 1412 708 1495 invenire3
732 1433 752 1475 a
776 1431 836 1494 quo
860 1431 930 1475 cum
954 1416 1133 1475 amentatas
1155 1410 1266 1476 hastas
1288 1431 1335 1475 ac-

300 1517 428 1600 ceperit,
459 1516 528 1599 ipsc
558 1535 613 1580 eas
647 1515 779 1579 oratoris
807 1514 933 1578 lacertis
955 1514 1139 1596 viribusque
1165 1515 1334 1595 torquebit.

300 1619 361 1683 nisi
385 1639 459 1683 vero
482 1619 631 1684 -bona
657 1618 753 1682 venia
782 1617 876 1682 huius
905 1617 1016 1700 optimi
1044 1616 1105 1680 viri
1135 1614 1272 1681 dixerim
1295 1655 1336 1664 —

301 1722 474 1788 Scaevolae
504 1728 538 1786 tu
567 1721 682 1786 libellis
711 1727 766 1784 aut
795 1720 973 1804 praeceptis
1003 1719 1103 1785 soceri
1130 1720 1176 1783 tui
1208 1739 1337 1786 causam

300 1826 340 1890 Μ’
367 1825 453 1891 Curii
479 1823 661 1904 defendisti,
690 1820 822 1910 nonlne]
854 1822 1019 1906 adripuisti
1047 1822 1258 1906 patrocinium
1289 1835 1382 1888 ere-15

301 1929 431 2011 quitatis
447 1935 479 1993 et
494 1927 712 1993 defensionem
738 1931 999 1991 testamentorum
1020 1946 1058 1990 ac
1073 1926 1245 1992 voluntatis
1261 1949 1337 1992 mor-

234 2056 283 2104 243
301 2039 433 2098 tuorum.
479 2052 518 2096 ac
540 2052 612 2096 mea
635 2028 763 2112 quidem
787 2029 945 2094 sententia
968 2066 1010 2075 —
1032 2027 1181 2110 frequens
1203 2030 1292 2120 enim
1307 2037 1338 2094 tc

302 2134 410 2199 audivi
433 2139 528 2216 atque
551 2133 640 2198 adfui
663 2171 704 2180 —
727 2133 826 2197 multo
848 2132 1000 2197 maiorem
1022 2137 1145 2214 partem
1169 2133 1338 2198 sentcntia-

302 2257 371 2301 rum
394 2237 460 2301 sale
482 2242 535 2300 tuo
559 2241 592 2301 ct
612 2237 720 2320 lepore
743 2242 775 2299 et
796 2235 991 2318 politissimis
1018 2234 1140 2300 facetiis
1167 2235 1337 2318 pellexisti,

304 2359 374 2403 cum
405 2345 437 2404 et
466 2339 543 2403 illud
573 2338 706 2403 nimium
734 2357 868 2402 acumen
895 2336 1055 2402 inluderes
1085 2343 1117 2403 et
1146 2337 1339 2404 admirarere
1356 2348 1386 2396 2⁰

303 2441 468 2523 ingenium
490 2441 671 2520 Scaevolae,
701 2441 754 2521 qui
783 2441 995 2524 excogitasset
1021 2441 1110 2505 nasci
1137 2441 1225 2524 prius
1252 2463 1341 2527 opor-

303 2550 369 2608 tere
392 2563 488 2625 quam
511 2545 622 2627 emori;
647 2563 781 2625 cumque
797 2544 896 2609 multa
911 2544 1087 2627 conligeres
1107 2550 1195 2609 etex
1214 2544 1341 2628 legibus

290 2653 335 2712 et
358 2666 399 2711 ex
422 2653 551 2712 senatus
574 2646 725 2712 consultis
747 2653 779 2712 et
801 2667 842 2711 ex
865 2647 932 2711 vita
954 2667 994 2711 ac
1016 2667 1161 2713 sermone
1182 2649 1341 2714 communi

304 2771 368 2815 non
391 2749 484 2815 modo
514 2757 616 2831 acute,
662 2749 719 2814 sed
748 2750 844 2814 etiam
874 2750 1005 2815 ridicule
1035 2757 1067 2816 et
1088 2751 1201 2831 facete,
1230 2752 1287 2816 ubi
1315 2753 1342 2818 si

305 2854 413 2932 verba,
437 2873 500 2918 non
523 2873 589 2917 rem
605 2873 817 2934 sequeremur,
842 2853 954 2918 confici
975 2853 1055 2917 nihil
1069 2860 1187 2937 posset.
1233 2855 1342 2937 itaque
1360 2863 1390 2912 25

305 2956 474 3020 hilaritatis
496 2957 622 3039 plenum
645 2956 796 3021 iudicium
819 2977 857 3021 ac
873 2957 1012 3022 laetitiae
1031 2956 1100 3021 fuit.
1138 2957 1171 3022 in
1188 2977 1250 3039 quo
1267 2958 1345 3041 quid

306 3059 365 3123 tibi
387 3059 463 3123 iuris
487 3059 587 3124 civilis
610 3060 794 3124 exercitatio
816 3059 979 3142 profuerit,
1008 3079 1072 3124 non
1098 3060 1266 3143 intellego;
1301 3061 1344 3124 di-

307 3161 400 3228 cendi
412 3161 461 3226 vis
474 3163 602 3246 egregia
618 3182 741 3227 summa
756 3161 931 3226 festivitate
947 3169 978 3227 et
994 3168 1162 3228 venustate
1175 3163 1345 3229 coniuncta

238 3287 288 3335 244
306 3264 432 3348 profuit.
479 3265 549 3348 ipse
571 3263 625 3328 ille
647 3264 780 3345 Mucius,
803 3265 928 3348 paterni
950 3265 1026 3329 iuris
1043 3263 1190 3330 defensor
1206 3272 1238 3329 et
1252 3266 1346 3348 quasi

306 3368 486 3452 patrimonii
520 3373 736 3451 propugnator
770 3368 827 3448 sui,
862 3367 939 3449 quid
972 3368 1005 3431 in
1043 3368 1098 3432 illa
1131 3387 1237 3449 causa,
1273 3389 1346 3434 oum
1363 3375 1394 3425 30

308 3477 419 3535 contra
441 3477 473 3534 te
495 3470 623 3550 diceret,
647 3470 752 3533 attulit
775 3470 859 3552 quod
881 3471 922 3535 de
938 3471 1005 3536 inre
1022 3471 1107 3535 civili
1122 3469 1347 3554 depromptum

308 3572 495 3638 videretur?
518 3593 613 3654 quam
637 3573 740 3656 legem
763 3573 930 3638 recitavit?
948 3573 1025 3654 quid
1039 3574 1190 3657 patefecit
1209 3573 1348 3640 dicendo

265 3761 267 3764 Ι
310 3675 395 3756 quod
419 3675 534 3740 fuisset
548 3675 702 3759 imperitis
718 3675 892 3740 occultius?
915 3695 1029 3758 nempe
1045 3676 1112 3740 eius
1127 3676 1229 3740 omnis
1245 3679 1348 3742 oratio

310 3783 438 3841 versata
460 3777 562 3842 estin
587 3796 633 3858 eo,
658 3785 693 3841 ut
716 3779 866 3861 scriptum
889 3777 1056 3859 plurimum
1080 3777 1185 3842 valere
1201 3786 1349 3861 oportere
