2834 4110
323 147 436 200 rusus
454 147 490 202 11.
520 146 728 202 uAP.45-4o.
760 149 939 212 ersa-191.
1089 130 1150 194 119
1232 205 1234 210 .

117 339 295 402 morumque
319 321 498 401 verborum,
521 327 586 385 tam
602 321 745 404 integrae
761 320 947 401 sententiae,
964 325 1029 386 tum
1043 338 1149 401 verae,

117 429 182 486 tam
203 443 312 505 novae,
334 431 402 488 tam
424 423 493 488 sine
515 424 689 509 pigmentis
712 423 847 506 fucoque
870 423 992 508 puerili,
1016 428 1051 487 ut
1072 422 1150 488 mihi

118 546 178 590 nou
206 528 302 592 solum
337 533 372 592 tu
402 525 571 592 incendere
601 526 748 608 iudicem,
780 526 836 592 sed
866 527 935 611 ipse
968 525 1079 591 ardere
1107 525 1149 589 vi-

119 627 227 696 dearis.

90 752 102 796 o
216 735 326 818 Neque
349 733 419 799 fieri
440 741 544 818 potest
565 740 600 799 ut
623 733 728 800 doleat
750 734 778 798 is
794 732 847 816 qui
862 733 960 816 audit,
984 739 1019 798 ut
1038 732 1148 814 oderit,
1169 743 1220 791 189

119 842 151 900 ut
171 838 317 921 invideat,
341 844 378 902 ut
400 838 603 923 pertimescat
625 836 755 920 aliquid,
779 844 814 901 ut
837 836 1009 903 adfictum
1032 837 1150 903 miseri·

121 941 312 1026 cordiamque
334 941 520 1024 deducatur,
543 942 605 1008 uisi
628 961 739 1007 omnes
761 941 807 1005 illi
822 946 935 1023 motus,
951 961 1031 1023 quos
1046 947 1151 1006 orator

119 1043 260 1111 adhibere
282 1047 369 1111 volet
391 1044 503 1138 iudici,¹
529 1047 562 1111 in
592 1047 661 1130 ipso
684 1051 806 1110 oratore
836 1045 980 1129 impressi
1009 1065 1079 1111 esse
1105 1051 1149 1110 at-

119 1169 174 1230 que
195 1150 289 1216 inusti
313 1149 515 1216 videbuntur.
562 1149 673 1234 quodsi
695 1149 788 1214 fictus
810 1149 908 1231 aliqui
939 1149 1027 1215 dolor
1054 1149 1149 1214 susci-

78 1269 103 1315 ιι
119 1252 246 1334 piendus
268 1259 355 1320 essct
379 1259 410 1317 et
433 1253 459 1318 si
482 1253 515 1318 in
539 1254 606 1320 eius
634 1253 720 1317 modi
747 1273 865 1338 genere
892 1254 1044 1320 orationis
1071 1253 1150 1319 nihil

120 1364 196 1421 esset
217 1358 276 1423 nisi
298 1356 416 1422 falsum
438 1362 533 1440 atque
557 1357 733 1422 imitatione
757 1356 947 1439 simulatum,
976 1357 1077 1424 maior·
1098 1377 1150 1424 ars

118 1459 216 1542 eliqua
249 1461 383 1528 forsitan
418 1467 502 1526 esset
532 1460 730 1544 requirenda.
777 1481 861 1526 nunc
884 1481 944 1546 ego
975 1461 1051 1545 quid
1080 1460 1148 1542 tihi,

119 1561 233 1646 Crasse,
257 1563 337 1646 quid
359 1565 471 1630 ceteris
494 1565 619 1630 accidat
642 1565 765 1648 nescio;
790 1563 831 1629 de
853 1586 904 1630 me
926 1571 1034 1631 autem
1055 1585 1152 1630 causa

118 1668 196 1733 nulla
222 1676 271 1734 est
298 1688 354 1732 cur
381 1668 467 1751 apud
493 1668 638 1734 homines
665 1667 929 1752 prudentissimos
955 1676 1050 1750 atque
1076 1668 1151 1733 ami-

78 1771 252 1838 latissimos
275 1771 421 1836 mentiar.
467 1793 529 1836 non
553 1771 734 1838 mehercule
756 1792 906 1853 nmquam
929 1769 1016 1855 apud
1030 1771 1151 1836 iudices

117 1882 166 1939 aut
188 1875 328 1942 dolorem
356 1881 411 1938 aut
438 1874 687 1941 misericordiam
709 1882 765 1940 aut
791 1874 944 1940 invidiam
968 1880 1023 1938 aut
1045 1873 1151 1939 odium

117 1976 244 2044 dicendo
268 1979 409 2044 excitare
431 1980 516 2044 volui
541 1979 617 2062 quin
640 1979 710 2062 ipse
732 1978 765 2043 in
783 1967 1020 2044 commovendis
1043 1976 1151 2041 iudici-

118 2081 171 2148 bus
192 2083 231 2148 iis
254 2083 333 2167 ipsis
364 2083 518 2164 sensibus,
553 2082 595 2148 ad
626 2103 704 2164 quos
735 2083 803 2148 illos
833 2081 991 2148 adducere
1025 2082 1150 2162 vellem,

117 2206 319 2270 permoverer.
366 2207 469 2268 neque
493 2195 541 2252 est
564 2187 649 2252 enim
676 2186 770 2252 facile
800 2186 952 2271 perficere
981 2192 1016 2250 ut
1038 2186 1151 2250 iresca·
1172 2209 1221 2257 roo

75 2303 101 2351 ro
117 2295 161 2354 tur
183 2291 213 2356 ei
236 2292 287 2356 cui
310 2297 346 2355 tu
368 2290 447 2356 velis
476 2291 584 2374 iudex,
607 2291 643 2357 si
674 2297 707 2355 tu
737 2292 806 2376 ipse
834 2291 867 2356 id
890 2294 976 2357 lente
1003 2289 1085 2356 ferre
1108 2290 1152 2354 vi-

108 2392 222 2483 deare3
247 2413 352 2476 neque
374 2401 408 2458 ut
430 2394 532 2460 oderit
555 2416 627 2461 eum
644 2415 737 2477 quem
760 2402 794 2460 tu
810 2397 900 2478 velis,
923 2395 985 2461 nisi
1001 2402 1032 2460 te
1048 2396 1151 2479 ipsum

117 2497 299 2584 flagrantem
329 2497 401 2562 odio
430 2504 504 2566 ante
538 2498 667 2583 viderit;
697 2519 800 2582 neque
830 2500 872 2564 ad
903 2498 1151 2564 misericordiam

119 2601 295 2684 adducetur,
319 2603 381 2668 nisi
404 2611 438 2668 tu
462 2604 492 2669 ei
515 2603 607 2686 signa
636 2603 751 2667 doloris
779 2603 824 2667 tui
851 2604 957 2670 verbis
985 2603 1151 2669 sententiis

118 2727 189 2772 voce
211 2709 300 2773 voltu
323 2707 601 2772 conlacrimatione
624 2705 761 2788 denique
778 2707 963 2773 ostenderis.
1010 2715 1044 2772 ut
1065 2706 1150 2771 enim

77 2825 103 2870 re
119 2812 198 2877 nulla
220 2811 368 2877 materies
391 2819 457 2876 tam
480 2810 583 2876 facilis
611 2809 651 2874 ad
679 2809 952 2876 exardescendum
983 2817 1040 2891 est,
1069 2829 1150 2892 quae

119 2915 173 2982 nisi
194 2917 323 2981 admoto
346 2914 412 2999 igni
434 2915 541 2998 ignem
565 2915 731 2998 concipere
753 2915 863 2998 possit,
887 2916 933 2981 sie
952 2915 1039 2978 nulla
1060 2935 1151 2992 mens

13 3075 15 3098 ,
120 3025 163 3084 cst
176 3027 239 3084 tam
262 3019 305 3084 ad
328 3018 659 3103 comprehendendam
682 3019 747 3083 vim
769 3021 901 3086 oratoris
922 3027 1045 3104 parata,
1069 3039 1150 3101 quae

119 3123 209 3206 possit
231 3122 369 3204 incendi,
393 3121 454 3188 nisi
477 3122 544 3205 ipse
572 3123 785 3190 inflammatus
812 3124 854 3189 ad
876 3145 947 3190 eam
978 3131 1010 3190 et
1036 3123 1150 3190 ardens

119 3227 289 3292 accesserit.
334 3247 373 3291 ac
395 3247 436 3291 ne
460 3225 519 3291 hoc
550 3226 631 3292 sorte
658 3247 809 3312 magnum
840 3249 878 3293 ac
908 3228 1051 3292 mirabile
1081 3247 1150 3293 esse

77 3342 104 3390 ao
120 3329 266 3412 videatur,
291 3330 451 3396 hominem
479 3331 595 3396 totiens
617 3331 720 3412 irasci,
750 3331 864 3396 totiens
892 3330 1007 3410 dolere,
1034 3330 1151 3397 totiens

120 3435 197 3498 omni
220 3440 307 3499 motu
329 3433 428 3500 animi
451 3435 611 3515 concitari,
634 3435 820 3519 praesertim
848 3436 880 3499 in
911 3435 1005 3499 rebus
1027 3433 1150 3515 alienia,

120 3558 230 3624 magna
253 3540 301 3604 vis
325 3546 373 3604 est
396 3558 505 3603 earum
528 3539 755 3604 sententiarum
777 3546 873 3621 atque
889 3556 996 3602 eorum
1012 3538 1150 3603 locorum

121 3661 191 3722 quos
212 3662 292 3726 agas
314 3649 493 3723 tractesque
517 3641 661 3722 dicendo,
684 3643 763 3706 nihil
791 3648 825 3706 ut
851 3661 931 3724 opus
958 3641 999 3704 sit
1027 3641 1151 3706 simula—

121 3744 198 3811 tione
221 3753 253 3812 et
275 3745 418 3812 fallaciis.
465 3743 535 3826 ipsa
558 3746 642 3810 enim
665 3751 780 3808 natura
802 3743 952 3808 orationis
968 3745 1045 3824 eius,
1070 3764 1151 3825 quae

1173 3204 1211 3258 46

1171 3277 1217 3324 191
