2834 4110
297 199 339 262 94
525 217 638 272 LIBER
657 218 693 272 II.
724 217 807 272 CAP.
820 221 931 274 22-23.
962 223 977 284 ἓ
995 222 1108 276 90-94.

297 390 430 476 effingat
451 397 546 475 atque
571 392 738 477 exprimat,
762 413 826 457 non
849 398 883 456 ut
906 393 1021 458 multos
1043 393 1219 459 imitatores
1244 413 1340 477 saepe

296 496 441 579 cognovi,
465 496 518 579 qui
541 503 595 561 aut
618 517 755 578 eaquae
776 496 884 561 facilia
907 503 981 562 sunt
995 503 1051 562 aut
1066 498 1162 563 etiam
1186 497 1243 562 illa
1259 517 1342 579 quae

242 617 275 668 91
295 599 434 684 insignia
464 621 502 664 ac
531 585 635 684 paene
662 601 777 666 vitiosa
799 607 1020 666 consectentur
1048 600 1214 666 imitando.
1262 600 1342 666 nihil

296 710 344 769 est
366 704 491 769 facilius
521 723 616 786 quam
646 705 797 769 amictum
827 705 943 769 imitari
972 705 1106 770 alicuius
1136 711 1193 770 aut
1223 711 1342 771 statum

295 814 350 872 aut
372 814 501 872 motum.
533 807 559 872 si
582 827 658 872 vero
682 807 779 872 etiarn
801 808 907 874 vitiosi
929 808 1050 891 aliquid
1074 816 1131 890 est,
1154 807 1189 874 id
1213 829 1341 874 sumere
1360 823 1374 868 o

296 919 327 976 et
357 913 391 976 in
414 932 451 976 eo
482 910 639 977 curiosum
670 931 740 977 esse
770 931 833 977 non
863 933 1015 996 magnum
1043 919 1114 997 est,¹
1136 920 1171 977 ut
1201 913 1257 978 ille
1288 913 1342 995 qui

296 1034 381 1080 nunc
415 1015 521 1095 etiarn,
553 1015 671 1080 amissa
696 1036 785 1097 voce,
814 1015 890 1081 furit
919 1017 953 1080 in
982 1037 1017 1082 re
1052 1017 1188 1101 publica,
1221 1017 1342 1097 Fufius,

296 1139 411 1184 nervos
433 1119 467 1183 in
490 1118 625 1184 dicendo
649 1120 683 1184 Ο.
707 1120 878 1203 Fimbriae,
910 1140 988 1202 quos
1011 1127 1119 1186 tamen
1141 1120 1255 1186 habuit
1277 1122 1340 1201 ille,

296 1243 360 1288 non
382 1222 576 1304 adsequitur,
600 1224 663 1289 oris
685 1225 876 1308 pravitatem
900 1232 931 1290 et
946 1227 1115 1292 verborum
1137 1225 1341 1291 latitudinem

295 1326 445 1391 imitatur.
485 1327 542 1393 sed
564 1334 673 1393 tanmn
695 1329 749 1394 ille
771 1349 831 1394 nec
854 1329 994 1415 deligere
1017 1331 1110 1395 scivit
1133 1331 1222 1395 ouius
1246 1331 1342 1414 potis-
1362 1344 1390 1390 lo

297 1431 412 1496 simum
441 1430 552 1497 similis
576 1439 669 1514 esset,
702 1433 789 1497 etin
812 1454 849 1500 eo
872 1434 942 1517 ipso
965 1454 1060 1516 quem
1084 1433 1247 1518 delegerat
1273 1434 1342 1499 imi·

245 1550 277 1597 92
296 1535 356 1599 tari
380 1535 475 1599 etiarn
497 1536 577 1601 vitia
598 1537 707 1602 voluit.
754 1537 807 1618 qui
830 1544 935 1602 autem
963 1538 1009 1602 ita
1030 1536 1127 1603 faciet
1148 1544 1184 1602 ut
1206 1544 1340 1623 oportet,

297 1639 432 1724 primurn
455 1639 566 1724 vigilet
589 1661 721 1706 necesse
745 1641 848 1706 estin
870 1641 1055 1726 deligendo,
1087 1640 1215 1723 deinde,
1245 1662 1340 1724 quern

297 1743 447 1828 probarit,
470 1744 504 1809 in
528 1765 565 1810 eo
589 1765 671 1829 quae
693 1745 833 1810 maxime
849 1746 1017 1827 excellent,
1042 1766 1080 1810 ea
1095 1745 1339 1828 diligentissime

297 1854 513 1931 persequatur.
1362 1873 1389 1918 15

402 1952 594 2039 Quidenim
612 1973 728 2019 causae
750 1953 888 2019 censetis
911 1973 980 2019 esse
1004 1974 1059 2018 our
1081 1959 1203 2018 aetates
1229 1951 1339 2040 [exltu-

296 2056 390 2121 lerint
413 2057 557 2142 singulae
581 2057 707 2142 singula
728 2077 826 2141 prope
848 2056 1137 2142 generedicendi?
1167 2057 1254 2140 quod
1275 2078 1339 2122 non

297 2165 363 2224 tam
385 2160 479 2226 facile
503 2161 536 2225 in
563 2162 679 2226 nostris
702 2161 878 2226 oratoribus
900 2181 1067 2245 possumus
1089 2160 1241 2242 iudicare,
1265 2161 1340 2244 quia

297 2265 414 2348 scripta
437 2285 479 2329 ex
502 2265 616 2345 quihus
645 2264 798 2329 iudicium
820 2265 889 2329 fieri
911 2272 1019 2349 posset
1048 2286 1112 2330 nou
1138 2265 1239 2329 multa
1262 2286 1340 2331 sane

296 2367 501 2450 reliquerunt,
527 2387 621 2451 quam
644 2368 677 2432 in
701 2369 841 2450 Graecia,
866 2389 906 2433 ex
931 2389 1062 2451 quorum
1090 2368 1215 2453 scriptis
1239 2371 1341 2436 cuius·
1359 2393 1390 2439 20

145 2502 159 2559 p
298 2491 360 2553 que
382 2471 497 2536 aetatis
513 2491 595 2552 quae
610 2471 738 2536 dicendi
760 2472 840 2536 ratio
856 2474 1066 2556 voluntasque
1081 2472 1178 2537 fuerit
1195 2473 1340 2558 intellegi

246 2587 279 2634 aa
298 2580 411 2659 potest.
457 2575 670 2658 antiquissimi
700 2575 767 2640 fere
799 2561 1044 2660 sunts'quorum
1068 2577 1196 2660 quidem
1220 2578 1341 2662 scripta

299 2685 453 2760 constent,
491 2679 629 2744 Pericles
666 2685 762 2762 atque
794 2680 978 2746 Alcibiades
1016 2687 1048 2752 et
1081 2680 1193 2747 eadem
1231 2689 1339 2748 aetate

296 2782 512 2866 Thucydides
543 2783 675 2849 subtiles
708 2784 792 2848 acuti
825 2785 941 2850 breves
975 2785 1204 2868 sententiisque
1234 2787 1339 2871 magis

297 2907 392 2968 quam
425 2886 531 2978 verbis
565 2887 775 2954 abundantes.
829 2908 892 2954 non
930 2889 1084 2972 potuisset
1120 2888 1267 2955 accidere
1304 2899 1339 2954 ut
1358 2913 1388 2960 ns

297 3010 395 3055 unum
422 3011 525 3075 genus
548 2998 631 3057 esset
654 2993 804 3074 omnium,
835 2993 896 3058 nisi
925 2993 1064 3075 aliquem
1094 2993 1155 3058 sibi
1184 3013 1338 3079 propone-

296 3101 366 3159 rent
389 3095 431 3160 ad
460 3095 658 3161 imitandum.
706 3096 867 3162 consecuti
898 3103 971 3162 sunt
1000 3095 1060 3162 hos
1083 3097 1198 3163 Critias
1221 3098 1338 3164 Thera-

295 3219 405 3265 menes
432 3201 556 3284 Lysias.
608 3201 709 3265 multa
738 3199 856 3284 Lysiae
892 3201 1009 3284 scripta
1040 3208 1122 3282 sunt,
1153 3221 1217 3266 non
1250 3203 1338 3267 nulla

295 3303 423 3385 Critiae,
448 3303 488 3369 de
510 3304 712 3370 Theramene
735 3304 895 3389 audimus3
924 3325 1034 3370 omnes
1057 3305 1154 3369 etiam
1176 3311 1244 3370 tum
1266 3307 1337 3371 reti-

294 3409 416 3474 nebant
444 3409 533 3473 illurn
563 3407 677 3473 Pericli
708 3429 826 3489 sucum,
862 3408 918 3474 scd
946 3415 1036 3472 erant
1065 3410 1160 3492 paulo
1190 3409 1337 3476 uberiore
1356 3431 1387 3480 so

244 3529 277 3578 94
293 3512 356 3577 filo.
396 3531 470 3578 ecce
493 3512 551 3578 tibi
574 3520 622 3578 est
648 3520 777 3578 exortus
791 3514 948 3579 Isocrates
971 3513 1124 3597 magister
1147 3512 1336 3579 disertorum

295 3617 446 3699 omnium,
470 3616 558 3681 cuins
581 3638 599 3683 e
622 3615 696 3682 ludo
725 3623 888 3699 tamquam
916 3637 957 3681 ex
985 3637 1066 3699 equo
1088 3618 1225 3684 Thoiano
1257 3619 1335 3684 meri

294 3719 454 3804 principes
477 3719 636 3805 exierunt;
666 3720 722 3785 sed
745 3740 852 3786 eorum
875 3720 990 3805 partim
1013 3721 1046 3785 in
1069 3741 1195 3807 pompa,
1219 3723 1335 3806 partim

239 3834 277 3889 23
295 3821 328 3884 in
351 3823 420 3887 acie
442 3823 591 3888 inlustres
611 3843 681 3890 esse
703 3825 878 3890 voluerunt.
906 3830 1002 3906 atque
1026 3831 1057 3889 et
1078 3825 1123 3889 illi
1138 3825 1336 3913 Theopompi
