2834 4110
274 207 335 271 152
497 224 657 278 0100011.
682 224 765 278 000.
779 226 890 279 05-10.
916 225 1088 287 §sos-308.

200 410 252 458 004
271 398 480 464 exulcerant?
519 397 604 478 quid,
630 417 700 462 cum
724 417 930 480 personarum
954 417 1033 479 quas
1064 395 1315 462 0001000010-

271 503 388 568 tionem
411 523 475 566 non
498 501 626 580 babent,
659 502 685 565 si
716 521 798 583 quae
821 501 950 565 suntin
982 500 1020 564 iis
1054 499 1215 564 invidiosa
1249 521 1314 566 non

270 607 419 690 mitigant
441 605 655 686 extenuando
679 604 736 670 sed
758 604 918 670 laudando
942 612 973 670 et
995 604 1156 669 efferendo
1179 604 1315 669 invidio·

270 713 354 778 siora
377 711 507 791 faciunt,
532 715 684 792 quantum
708 710 811 774 estin
836 729 873 775 eo
896 710 1024 774 tandem
1048 709 1150 772 mali?
1175 709 1264 791 quid,
1289 709 1315 774 si
1407 701 1408 760 l

270 817 303 881 in
326 816 471 881 homines
495 835 583 880 caros
606 813 827 894 iudicibusque
850 813 1004 878 iucundos
1032 814 1100 878 sine
1130 813 1195 877 ulla
1225 819 1348 897 prae-5
1407 775 1408 868 i

270 920 445 984 munitione
468 918 619 983 orationis
641 917 787 982 acerbius
810 924 842 982 et
865 916 1120 982 contumeliosius
1147 916 1313 996 invehare,

201 1031 376 1089 305nonne
399 1030 472 1087 ate
495 1022 616 1086 iudices
639 1021 828 1086 abalienes?
859 1020 945 1102 quid,
977 1021 1013 1101 si,
1045 1040 1126 1102 quae
1155 1020 1236 1085 vitia
1259 1028 1315 1084 aut

270 1125 470 1192 incommoda
493 1132 566 1190 sunt
595 1125 628 1188 in
659 1125 765 1206 aliquo
795 1125 898 1190 iudice
928 1145 991 1189 uno
1014 1131 1068 1188 ant
1091 1124 1246 1208 pluribus,
1276 1143 1315 1188 ea

271 1230 361 1295 tuin
384 1215 574 1294 adversariis
599 1227 820 1311 exprobrando
843 1249 906 1292 non
931 1228 1099 1312 intellegas
1122 1233 1153 1292 te
1177 1228 1211 1291 in
1235 1227 1315 1291 iudi·

171 1371 175 1385 ·
271 1353 323 1398 ces
342 1332 461 1413 invehi,
485 1332 683 1413 mediocrene
712 1338 877 1415 peccatum
901 1333 972 1398 est?
996 1331 1081 1414 quid,
1105 1332 1142 1413 si,
1168 1352 1240 1396 cum
1256 1352 1314 1415 pro
1335 1339 1364 1384 1⁰
1407 1385 1408 1392 ,

270 1437 368 1501 010010
391 1435 489 1515 dicas,
512 1435 599 1499 litem
629 1440 715 1499 tuam
742 1435 843 1500 facias
872 1443 927 1500 aut
956 1436 1061 1500 laesus
1092 1435 1227 1499 efferare
1257 1437 1316 1498 ira·
1407 1439 1408 1518 l

272 1538 397 1620 cundia,
423 1558 549 1603 causam
579 1538 750 1620 relinquas,
781 1539 903 1604 nihilne
926 1539 1068 1603 noceas?
1100 1539 1133 1602 in
1157 1558 1220 1620 quo
1243 1559 1314 1622 ego,
1407 1521 1408 1574 l

271 1664 334 1708 000
358 1663 420 1725 quo
443 1643 578 1707 libenter
600 1642 683 1706 male
713 1641 850 1722 audiam,
887 1641 943 1707 sed
978 1643 1053 1724 quia
1088 1661 1218 1706 causam
1250 1663 1315 1706 non

270 1747 405 1812 libenter
434 1747 588 1828 relinquo,
616 1746 748 1809 nimium
784 1745 911 1829 patiens
944 1752 975 1810 et
1002 1746 1107 1810 lentus
1131 1745 1314 1830 existimor3

270 1856 305 1915 ut
328 1871 399 1915 cum
422 1856 453 1915 te
482 1851 596 1933 ipsum,
628 1849 757 1934 Sulpici,
789 1849 1007 1932 obiurgabam,
1039 1847 1122 1930 quod
1156 1849 1363 1915 ministra-15
1407 1917 1408 1962 1

270 1961 370 2019 001001
399 1961 536 2040 peteres,
566 1975 630 2019 non
661 1954 888 2019 adversarium.
936 1972 976 2017 ex
1012 1973 1074 2034 quo
1109 1953 1205 2018 etiam
1236 1954 1314 2018 illud
1407 1975 1408 2062 p

271 2057 437 2141 adsequor,
462 2066 505 2140 ut,
529 2059 556 2122 si
579 2060 650 2141 quis
673 2057 750 2122 mihi
766 2058 849 2148 male
866 2057 960 2138 dicat,
984 2057 1131 2140 petulans
1146 2062 1202 2120 aut
1218 2057 1314 2141 plane
1407 2065 1408 2092 ¹

200 2167 251 2216 soe
269 2161 401 2228 insanus
424 2183 493 2228 esse
513 2162 667 2227 videatur.
712 2162 746 2225 in
761 2161 839 2244 ipsis
854 2167 960 2225 autem
983 2160 1178 2244 argumentis
1194 2161 1222 2226 si
1239 2162 1313 2243 quid
1407 2139 1408 2176 ¹

270 2267 412 2349 posueris
435 2272 490 2330 ant
512 2273 621 2350 aperte
644 2265 759 2330 falsum
775 2272 830 2329 aut
851 2265 879 2328 ei
896 2262 980 2346 quod
996 2263 1114 2328 dixeris
1130 2263 1313 2330 dicturusve
1407 2251 1408 2268 ἢ

271 2368 315 2434 sis
338 2370 528 2434 contrarium
551 2376 605 2433 aut
627 2387 745 2452 genere
768 2368 836 2451 ipso
860 2374 1014 2433 remotum
1037 2370 1078 2433 ab
1102 2387 1160 2432 usu
1183 2367 1312 2432 iudicio·
1331 2380 1361 2425 ao

271 2491 340 2535 rum
363 2492 401 2536 ao
423 2472 500 2553 foro,
523 2471 645 2537 nihilne
669 2457 810 2536 noceas?¹
842 2470 918 2553 quid
948 2471 1071 2535 multa?
1102 2471 1204 2536 omnis
1239 2491 1313 2536 cura
1407 2529 1408 2544 ,

270 2594 342 2638 mea
365 2576 444 2640 solet
465 2576 498 2639 in
522 2575 582 2641 hoo
606 2575 726 2640 versari
749 2594 931 2658 semper-
954 2573 1058 2638 dicam
1075 2574 1159 2639 enim
1183 2576 1312 2661 saepius

269 2716 312 2725 —
335 2679 361 2742 si
384 2679 512 2762 possim,
544 2685 578 2742 ut
609 2679 684 2743 boni
715 2677 852 2742 efficiam
882 2677 1001 2759 aliquid
1032 2676 1183 2762 dicendo;
1217 2679 1244 2743 si
1279 2678 1311 2742 id
1407 2711 1408 2790 p

269 2781 384 2862 minus,
407 2789 442 2846 ut
464 2789 549 2846 certe
572 2801 612 2846 ne
635 2782 712 2863 quid
735 2782 817 2845 mali.

198 2854 248 2979 3⁷04}
374 2887 486 2967 ltaque
516 2905 601 2950 nunc
630 2886 705 2949 illuc
735 2884 840 2965 redeo,
877 2885 998 2965 Catule,
1030 2885 1061 2948 in
1093 2905 1154 2966 quo
1189 2892 1225 2949 tu
1260 2906 1310 2950 me
1329 2893 1359 2943 25

271 2990 365 3074 paulo
388 2995 463 3054 ante
478 2989 643 3070 laudabas
659 2989 701 3054 ad
716 2989 858 3053 ordinem
875 2988 1187 3069 conlocationemque
1208 3009 1312 3054 rerum

269 3115 307 3158 ac
329 3094 477 3159 locorum.
525 3094 613 3158 cuius
636 3094 716 3157 ratio
740 3098 788 3157 est
811 3092 946 3176 duplex:
970 3092 1070 3156 altera
1093 3112 1189 3173 quam
1205 3093 1310 3158 adfert

271 3203 384 3262 natura
407 3217 582 3277 causarum,
613 3198 713 3262 altera
744 3216 826 3277 quae
857 3203 1013 3260 oratorum
1045 3194 1161 3259 iudicio
1185 3203 1217 3260 00
1241 3217 1310 3281 pru-

274 3300 382 3365 dentia
404 3308 613 3386 comparatur.
659 3321 734 3364 nam
757 3306 791 3363 ut
821 3298 941 3381 aliquid
964 3304 1039 3363 ante
1065 3318 1132 3363 rem
1156 3298 1309 3380 dicamus,
1407 3301 1408 3380 ἶ

271 3403 386 3469 deinde
409 3412 533 3470 utrem
557 3424 764 3488 exponamus,
795 3411 866 3488 post
889 3411 923 3466 ut
947 3423 1017 3466 eam
1048 3402 1218 3485 probemus
1243 3424 1311 3469 nos·
1327 3411 1358 3458 30
1407 3415 1408 3476 ξ

269 3506 325 3570 0110
348 3508 515 3589 praesidiis
547 3506 780 3586 confirmandis,
805 3506 968 3569 contrariis
991 3504 1177 3586 refutandis,
1195 3506 1309 3572 deinde

270 3615 304 3672 ut
327 3609 552 3673 concludamus
575 3616 670 3690 atque
693 3609 737 3671 ita
761 3628 951 3692 peroremus,
973 3606 1032 3671 hoc
1053 3607 1180 3672 dicendi
1196 3617 1311 3675 natura

199 3719 250 3768 308
270 3710 340 3792 ipsa
362 3712 559 3793 praescribit.
606 3718 640 3774 ut
670 3730 745 3774 vero
777 3716 953 3774 statuamus
984 3729 1127 3790 eaquae
1154 3713 1310 3794 probandi

271 3816 301 3874 et
324 3810 459 3876 docendi
483 3833 579 3877 causa
603 3810 739 3876 dicenda
762 3819 834 3877 sunt
858 3831 952 3892 quem
975 3811 1017 3875 ad
1040 3811 1166 3876 modum
1189 3833 1311 3900 compo·
