2836 4114
258 208 321 272 226
370 275 372 278 ,
464 225 645 279 6161111111.
668 223 750 278 666.
764 229 796 279 55
811 227 874 278 -66,
906 227 1084 288 sace-213.

257 405 332 464 nota
355 419 424 465 esse
448 399 539 465 nobis
561 405 663 484 putes,
687 399 756 464 sine
778 397 1015 463 definitionibus
1038 404 1070 462 et
1093 397 1163 464 sine
1192 418 1298 462 exem·

257 503 317 588 plis
340 501 511 570 effudisse?
557 496 627 588 ‘ego
649 499 735 570 vero'
757 503 860 586 inquit
876 503 1008 569 Crassus
1031 497 1082 568 ‘ne
1098 503 1152 566 1116
1167 502 1300 584 66111661

257 627 339 689 6666
362 607 547 692 supradixi
570 627 655 672 6616
676 607 768 673 vobis
791 615 860 672 esse
883 607 1071 688 arbitrabar,
1103 605 1160 671 sed
1188 606 1299 671 volun-

188 710 315 774 nostadi
338 717 478 777 16611661
501 711 641 776 omnium
663 710 763 795 66161.
810 710 859 777 his
881 709 1055 776 autemdc
1071 711 1166 776 rebus
1182 710 1229 776 sol
1244 729 1298 774 me

257 813 310 879 1116
332 814 496 879 admonuit
518 821 553 879 ut
574 815 700 880 brevior
723 834 835 895 essem,
866 815 920 897 661
950 815 1020 899 1666
1049 814 1114 879 1661
1143 812 1335 898 praecipi-s

257 923 330 984 1666
352 939 404 983 616
426 939 551 1001 666666
574 917 653 983 haec
675 918 880 1002 praecipitem
896 937 999 1002 paene
1015 917 1160 983 evolvere
1181 916 1297 1000 coegit.

258 1020 314 1087 sed
342 1027 449 1086 tamen
479 1021 572 1087 huius
601 1018 728 1106 generis
755 1020 980 1086 demonstratio
1012 1026 1061 1087 661
1091 1027 1122 1086 61
1151 1019 1300 1085 doctrina

258 1124 328 1208 ipsa
358 1125 505 1209 volgaris,
536 1145 612 1190 usus
645 1130 752 1190 autem
781 1123 988 1209 gravissimus
1019 1125 1110 1209 etin
1140 1123 1200 1189 hoc
1229 1129 1299 1189 toto

189 1240 240 1288 616
259 1226 385 1292 dicendi
408 1228 512 1295 studio
535 1228 748 1295 difficillimus.
796 1249 891 1312 quam
922 1229 961 1295 ob
993 1249 1060 1294 rem
1083 1228 1231 1312 quoniam
1255 1227 1300 1292 de

258 1337 370 1399 ornatu
393 1333 479 1398 omni
501 1333 651 1398 orationis
675 1340 748 1398 sunt
783 1352 902 1414 omnes,
934 1333 1047 1398 sinon
1078 1332 1239 1418 patefacti,
1264 1338 1300 1397 at
1324 1353 1359 1398 ro

259 1441 343 1500 66116
366 1437 603 1503 commonstrati
625 1437 695 1519 loci,
723 1457 808 1502 nunc
832 1437 909 1522 quid
937 1445 1048 1522 aptum
1081 1436 1130 1518 sit,
1161 1436 1221 1501 hoc
1248 1441 1300 1502 est

259 1539 335 1623 quid
357 1541 496 1606 maxime
518 1541 630 1606 deceat
652 1540 685 1605 in
708 1541 859 1623 oratione,
882 1539 1057 1607 videamus.
1104 1561 1300 1625 quamquam

258 1643 291 1708 id
315 1644 442 1728 quidem
464 1645 666 1730 perspicuum
697 1652 754 1727 cst,
786 1667 851 1710 non
873 1647 959 1711 omni
983 1666 1098 1712 causae
1127 1665 1187 1711 nec
1210 1645 1299 1711 audi-

258 1749 318 1812 tori
341 1768 445 1831 nequc
467 1769 623 1833 personae
646 1769 749 1832 neque
778 1749 913 1834 tempori
944 1769 1117 1833 congruere
1146 1749 1299 1815 orationis

189 1864 356 1916 61166616
387 1873 497 1937 genus.
543 1873 618 1918 nam
650 1859 681 1918 et
711 1873 827 1919 causae
858 1854 970 1938 capitis
1004 1854 1100 1919 alium
1135 1852 1298 1936 quendam
1322 1881 1357 1926 15

258 1954 425 2021 verborum
449 1957 754 2040 666661166611661,
778 1957 875 2021 aliurn
898 1977 1001 2022 rerum
1032 1957 1226 2042 privatarum
1253 1963 1300 2022 at-

259 2079 321 2142 que
350 2080 537 2144 parvarum,
573 2066 604 2124 ct
634 2059 720 2124 aliud
750 2059 878 2125 dicendi
907 2080 1009 2144 genus
1043 2060 1299 2142 deliberationes,

258 2162 345 2228 aliud
375 2162 583 2244 laudationes,
614 2163 701 2228 aliud
730 2163 857 2245 iudicia,
892 2163 979 2229 aliud
1009 2183 1179 2245 sermones,
1210 2164 1301 2230 aliud

260 2268 441 2349 consolatio,
465 2267 553 2332 aliud
576 2267 761 2351 obiurgatio,
785 2266 872 2332 aliud
895 2267 1076 2351 disputatio,
1100 2267 1186 2333 aliud
1201 2267 1299 2335 histo·

258 2371 306 2435 ria
330 2371 497 2436 desiderat.
544 2369 641 2436 refert
665 2371 760 2436 ctiam
784 2372 837 2454 qui
860 2371 1001 2453 audiant,
1030 2379 1158 2438 senatus
1180 2391 1223 2436 an
1246 2395 1357 2458 6666

260 2475 352 2559 66166
385 2497 427 2540 66
457 2474 587 2558 iudices,
620 2475 803 2557 frequentes
836 2496 877 2539 an
911 2476 1005 2560 pauci
1035 2497 1077 2542 an
1107 2475 1235 2561 singuli,
1268 2485 1300 2542 ct

261 2579 390 2662 quales,
414 2579 537 2662 ipsique
560 2585 700 2645 oratores
723 2599 785 2660 qua
808 2579 871 2644 sint
894 2586 998 2645 aetate
1022 2580 1139 2646 honore
1164 2583 1300 2647 auctori-

260 2688 336 2763 tate,
367 2681 463 2748 debet
485 2682 603 2768 videri,
633 2689 757 2768 tempus
787 2683 875 2767 pacis
898 2704 939 2748 66
970 2684 1054 2766 belli,
1085 2683 1300 2751 festinationis

154 2855 157 2859 ,
192 2801 241 2846 616
261 2806 302 2850 66
326 2786 390 2850 otii.
436 2787 543 2868 itaque
573 2786 634 2852 hoc
662 2786 731 2852 1666
761 2786 841 2851 nihil
872 2807 948 2852 6666
971 2795 1020 2853 661
1043 2786 1127 2870 quod
1156 2789 1301 2874 praecipi

262 2909 355 2974 posse
377 2887 532 2970 videatur,
557 2891 618 2956 nisi
641 2897 675 2955 ut
699 2889 1006 2975 figuramorationis
1028 2891 1177 2976 plenioris
1200 2898 1233 2957 61
1256 2900 1299 2958 te·
1320 2917 1355 2964 os

262 2993 380 3060 nuioris
404 3000 435 3059 et
457 2995 533 3059 item
547 2995 638 3060 'illius
662 2994 829 3060 mediocris
858 2995 956 3060 adid
979 2995 1063 3078 quod
1090 3015 1224 3080 agemus
1246 2997 1300 3062 ad-

263 3098 491 3164 commodatum
516 3098 699 3184 dcligamus.
746 3100 940 3165 ornamentis
962 3099 1063 3166 isdem
1079 3100 1126 3165 uti
1145 3099 1212 3165 fere
1228 3101 1300 3166 lice·

261 3204 308 3269 bit
335 3204 414 3268 61166
445 3204 632 3286 contentius,
664 3204 744 3270 alias
777 3204 990 3288 summissius,
1023 3202 1172 3286 omnique
1201 3205 1234 3269 in
1265 3225 1300 3270 re

262 3328 354 3392 posse
379 3308 462 3391 quod
485 3308 597 3374 deceat
620 3307 725 3373 facere
745 3308 821 3374 artis
845 3315 876 3374 et
898 3315 1030 3374 naturae
1053 3313 1109 3389 est,
1126 3308 1207 3373 scire
1223 3308 1300 3392 quid

263 3412 452 3494 quandoque
475 3413 586 3478 deceat
608 3411 805 3497 prudentiae.
1111 3433 1113 3438 ·
1318 3434 1352 3482 36

193 3488 244 3608 ,51⁶3
293 3541 297 3548 ¹
366 3515 430 3581 Sed
453 3516 660 3582 haecomnia
689 3515 820 3599 perinde
851 3523 924 3582 sunt
952 3524 987 3582 ut
1013 3523 1158 3600 aguntur.
1204 3518 1298 3598 actio,

263 3617 401 3699 inquam,
424 3619 458 3682 in
481 3618 616 3684 dicendo
643 3637 708 3682 una
737 3617 922 3684 dominatur.
969 3621 1037 3684 sine
1068 3619 1128 3684 hac
1157 3639 1299 3687 summus

263 3726 366 3784 orator
390 3740 460 3784 esse
483 3721 515 3784 in
546 3740 676 3784 numero
707 3721 792 3786 nullo
822 3728 934 3806 potest,
966 3722 1133 3788 mediocris
1163 3722 1225 3789 hac
1254 3725 1300 3789 in-

264 3827 399 3886 structus
423 3842 561 3886 summos
590 3842 685 3906 saepe
716 3843 873 3907 superare.
921 3824 994 3890 huic
1023 3827 1141 3910 61111166
1171 3825 1300 3894 dedisse
