2866 4110
308 218 350 282 52
560 213 672 288 arena
689 235 710 288 1.
742 233 879 290 carle.
909 236 1088 299 snos-211.

306 407 412 488 didici,
438 407 494 472 sed
517 407 557 472 de
580 428 651 472 mee
678 406 922 491 consuetudine3
952 408 1085 491 ipsaque
1115 407 1169 470 illa
1198 427 1285 488 quae
1314 409 1347 472 in

306 512 564 576 commentarium
592 531 696 575 meum
719 511 824 576 rettuli
847 517 920 588 sunt
943 510 1128 591 eiusmodi,
1151 530 1216 573 non
1239 511 1347 593 aliqua

305 613 382 678 mihi
411 613 554 680 doctrina
581 613 706 695 tradita,
731 613 843 679 sedin
866 631 1051 680 rerumusu
1075 613 1243 695 causisque
1268 602 1370 679 trac!

304 724 379 782 tata.
417 738 499 799 quae
522 719 548 782 si
570 718 660 782 vobis
688 718 869 784 hominibus
897 717 1116 783 eruditissimis
1142 731 1207 783 nori
1230 719 1341 800 proba-

304 823 430 902 buntur,
455 828 591 886 vestram
622 822 822 903 iniquitatem
852 828 1043 902 accusatote,
1068 821 1122 902 qui
1153 840 1194 884 ex
1225 841 1279 886 me
1309 841 1380 888 eas

306 925 503 1006 quaesieritis
527 945 607 1007 quae
631 945 690 1009 ego
713 926 885 1009 nescirem3
909 945 1014 990 meam
1034 925 1219 989 facilitatem
1238 924 1346 990 lauda-

305 1032 379 1110 tote,
404 1048 477 1098 cum,
502 1029 593 1093 vobis
619 1049 683 1093 non
711 1048 782 1093 meo
812 1027 938 1110 iudicio,
963 1027 1019 1093 sed
1043 1033 1147 1092 restro
1174 1027 1280 1092 studio
1302 1029 1345 1092 in-

235 1129 418 1195 conductus
448 1151 511 1195 non
546 1138 677 1214 manate
710 1130 922 1215 respondero.‘
975 1139 1043 1220 turn
1073 1132 1205 1196 Crassus
1236 1123 1346 1214 ‘perge

305 1231 409 1299 modo'
440 1235 543 1316 inquit
572 1229 722 1319 ‘Antoni3
757 1236 876 1300 nullum
907 1242 955 1300 est
986 1235 1070 1299 enim
1099 1235 1276 1319 periculum
1306 1256 1346 1301 ne

305 1337 415 1420 quidt
416 1359 436 1402 ιι
461 1339 607 1420 eloquare
630 1339 690 1404 nisi
707 1340 752 1403 ita
766 1338 998 1422 prudenter,ut
1020 1339 1180 1403 neminem
1203 1345 1347 1403 nostrum
1370 1355 1396 1401 m

304 1441 466 1524 paeniteat
453 1441 530 1505 tad
551 1441 671 1506 hunct
658 1449 690 1506 te
712 1462 888 1507 sermonem
909 1429 1095 1525 impulisse.

408 1537 487 1628 ‘Ego
517 1541 603 1610 vero'
631 1545 734 1626 inquit
766 1565 897 1628 pergam
928 1551 959 1608 et
946 1543 1022 1608 tid
1052 1544 1168 1608 faciam
1198 1544 1323 1626 quod
1314 1567 1348 1608 m

304 1647 461 1730 principio
481 1648 574 1712 fieri
565 1669 598 1713 ιιι
615 1649 761 1713 omnibus
777 1646 917 1731 disputat
870 1648 1043 1713 tionibus
1059 1653 1149 1730 oport
1151 1668 1203 1712 ere
1220 1667 1347 1728 censae,

303 1755 338 1814 ιιι
370 1750 445 1832 quid
475 1750 553 1815 illud
584 1752 625 1816 sit
652 1750 692 1816 de
720 1771 781 1832 quo
808 1749 985 1834 disputetur
1007 1750 1204 1833 explanetur,
1228 1770 1271 1815 ne
1295 1770 1348 1814 va·

303 1854 372 1936 gari
395 1859 426 1918 et
449 1874 553 1919 errare
580 1861 711 1937 cogatur
738 1855 846 1934 oratio,
870 1854 896 1918 si
923 1853 946 1917 ii
975 1853 1028 1934 qui
1054 1853 1136 1916 inter
1164 1871 1198 1916 se
1225 1852 1398 1917 disson-15
1425 1855 1426 1876 ’

250 1961 251 1966 ’
303 1957 401 2020 serint
430 1978 494 2022 non
524 1957 610 2022 idern
635 1955 726 2044 [esse]
750 1956 827 2021 illud
859 1955 900 2020 de
928 1975 989 2038 quo
1015 1956 1120 2039 agitur
1146 1955 1347 2039 intellegent.

233 2075 377 2123 aronam
401 2060 427 2124 si
449 2060 531 2125 sorte
554 2067 756 2142 quaereretur
779 2080 861 2142 quae
884 2065 967 2124 esset
981 2079 1033 2123 ars
1048 2057 1256 2142 imperatoris,
1274 2078 1349 2123 con-

304 2161 497 2226 stituendum
517 2169 660 2246 putarem
684 2163 838 2246 principio
863 2162 932 2244 quis
960 2168 1043 2226 esset
1060 2161 1259 2244 imperator,
1292 2162 1348 2242 qui

297 2253 376 2327 vcurn
401 2271 485 2329 esset
508 2266 695 2329 constitutus
715 2264 951 2328 administrator
967 2263 1094 2345 quidam
1109 2259 1184 2327 belli
1199 2262 1346 2346 gerendi,

304 2372 370 2429 turn
393 2364 638 2449 adiungeremus
662 2366 702 2430 de
726 2367 876 2449 exercitu,
893 2366 934 2430 de
957 2366 1077 2449 castris,
1093 2365 1134 2430 de
1149 2365 1344 2448 agminibus,
1367 2391 1400 2438 20

304 2468 344 2532 de
368 2469 528 2551 signorum
556 2469 795 2548 conlationibus,
820 2467 859 2533 de
887 2468 1073 2552 oppidorum
1101 2469 1374 2552 oppugnationi,

263 2571 265 2576 '
302 2569 373 2650 bus,
397 2569 437 2634 de
460 2576 645 2651 commeatu,
670 2570 710 2635 de
738 2570 862 2636 insidiis
892 2570 1046 2636 faciendis
1073 2577 1169 2652 atque
1191 2569 1345 2650 vitandis,

303 2673 344 2737 de
377 2673 506 2756 reliquis
539 2675 633 2738 rebus
667 2693 749 2755 quae
783 2681 888 2738 essent
921 2674 1067 2758 propriae
1100 2673 1175 2737 belli
1209 2672 1345 2737 admini-

303 2775 440 2860 strandi;
470 2796 601 2858 quarum
625 2777 678 2858 qui
702 2782 809 2842 essent
831 2776 936 2840 animo
960 2784 991 2841 et
1014 2777 1147 2841 scientia
1169 2782 1346 2859 compotes

303 2899 356 2944 eos
384 2898 454 2944 esse
480 2880 685 2963 imperatores
712 2878 859 2958 dicerem,
882 2886 1048 2960 utererque
1076 2877 1231 2961 exemplis
1259 2879 1346 2943 Afri·
1366 2904 1402 2951 οε,

304 3001 452 3046 canorum
480 2988 511 3046 et
538 2983 756 3062 Maximorum,
780 2980 1033 3065 Epaminondam
1060 2987 1155 3063 atque
1177 2981 1346 3046 Hanniba-

232 3103 281 3150 ιιι
301 3086 364 3148 lem
387 3091 482 3166 atque
506 3085 572 3149 eius
594 3085 721 3168 generis
743 3084 887 3156 homines
910 3083 1114 3148 nominarem.
1160 3082 1209 3146 sin
1232 3089 1345 3148 autem

296 3205 524 3268 'quaereremus
551 3187 621 3268 quis
649 3191 732 3250 esset
759 3187 786 3250 is
814 3187 868 3267 qui
894 3185 936 3249 ad
963 3186 1212 3269 rempublicam
1235 3185 1345 3251 mode-

301 3289 434 3354 randam
457 3310 549 3354 usum
569 3296 600 3354 et
623 3289 788 3353 scientiam
816 3295 846 3352 et
870 3287 1007 3352 studium
1031 3308 1121 3353 suum
1145 3288 1344 3370 contulisset,

300 3392 464 3458 definirem
484 3393 544 3456 hoc
566 3391 676 3456 modo:
700 3391 754 3473 qui
777 3392 891 3473 quibus
913 3390 1008 3454 rebus
1029 3391 1149 3455 utilitas
1172 3390 1217 3453 rei
1239 3391 1345 3475 publi·
1366 3417 1405 3463 30

301 3515 356 3560 cae
379 3503 542 3578 pareretur
564 3501 794 3580 augereturque
816 3499 939 3558 teneret
960 3492 1062 3573 iisque
1084 3499 1233 3575 uteretur,
1254 3493 1346 3558 hunc

299 3597 345 3661 rei
368 3597 514 3680 publicae
537 3605 688 3662 rectorem
716 3603 748 3662 et
778 3595 900 3660 consilii
930 3595 1048 3676 publici
1078 3602 1236 3660 auctorem
1267 3615 1344 3661 esse

300 3697 492 3778 habendum,
513 3699 791 3783 praedicaremque
810 3699 844 3763 P.
861 3697 1029 3760 Lentulum
1052 3699 1227 3780 principem
1249 3698 1345 3762 illum

301 3809 332 3866 et
347 3801 394 3863 Ti.
412 3801 589 3866 Gracchum
611 3810 734 3886 patrem
757 3808 788 3866 et
809 3799 845 3875 Q.
863 3797 1023 3861 Metellum
1047 3807 1078 3864 et
1100 3801 1134 3863 P.
1152 3798 1343 3865 Africanum
