2866 4110
342 179 453 232 arnna
471 180 491 232 1.
529 179 611 232 one.
627 181 736 240 13-14.
773 184 787 242 s
807 182 917 234 ce-eo.
1106 161 1145 224 15

90 357 269 439 aequitate,
300 352 353 422 ,de
388 352 605 438 temperantia,
640 352 681 418 de
714 353 933 438 magnitudine
963 354 1074 436 animi,
1106 353 1146 418 de

91 461 173 524 omni
203 457 348 524 virtutis
379 477 494 540 genere
529 457 569 522 sit
603 456 782 538 dicendum,
818 458 1010 538 clamabunt,
1042 457 1145 538 credo,

92 563 195 628 omnia
217 560 407 647 gymnasia
427 568 523 642 atque
547 580 657 626 omnes
673 560 930 644 philosophorum
946 560 1072 626 scholae
1089 581 1148 626 sua

92 687 157 732 esse
179 657 269 732 haec
296 663 408 730 omnia
429 664 564 748 propria,
587 663 667 729 nihil
689 665 817 731 omnino
839 663 881 728 ad
904 672 1057 730 oratorem
1080 683 1147 748 per-

63 770 200 836 ctinere.
244 767 379 860 *quibus
407 787 465 852 ego
491 773 526 832 ut
552 767 593 832 de
621 767 670 844 his
697 770 792 834 rebus
819 769 851 832 in
883 769 1009 852 angulis
1040 788 1147 834 consu·
1166 783 1198 830 er

95 875 199 939 mendi
228 873 294 939 otii
324 890 421 936 causa
449 870 606 936 disserant
629 891 700 936 curn
724 891 917 955 concessero,
941 871 1018 936 illud
1041 879 1147 938 tamen

97 979 207 1044 oratori
242 977 389 1040 tribuam
416 981 447 1040 et
469 973 562 1055 dabo,
586 980 620 1040 ut
647 974 768 1056 eadem,
793 974 833 1040 de
857 975 1038 1057 quibus-illi
1061 978 1148 1041 tenui

99 1081 237 1162 quodam
272 1079 478 1162 exanguique
508 1098 653 1143 sermone
681 1077 854 1164 disputant,
879 1078 931 1144 hic
962 1099 1033 1143 cum
1063 1080 1149 1145 omni

99 1184 302 1250 iucunditate
334 1189 366 1246 et
395 1181 551 1265 gravitate
582 1181 729 1265 explicet.
776 1182 856 1274 haec
884 1203 943 1267 ego
971 1203 1044 1247 curn
1072 1185 1149 1268 ipsis

56 1305 83 1364 ro
100 1286 303 1373 philosophis
328 1283 414 1372 [tum]
437 1286 572 1351 Athenis
594 1285 799 1353 disserebam.
833 1273 967 1370 cogebat
991 1288 1075 1352 enim
1098 1308 1149 1354 me

100 1393 138 1456 M.
154 1391 332 1458 Marcellus
355 1389 407 1454 hic
429 1389 616 1471 noster,qui
641 1388 737 1476 [nunc
759 1391 871 1456 aedilis
895 1391 1012 1456 curulis
1035 1398 1083 1458 est
1106 1390 1148 1480 et]

68 1496 254 1578 eprofecto,
285 1492 350 1558 nisi
379 1492 468 1559 ludos
500 1513 584 1558 nunc
615 1493 744 1576 faceret,
772 1494 846 1560 huic
875 1503 982 1560 nostro
1013 1496 1150 1560 sermoni
1211 1497 1215 1504 '

102 1599 291 1680 interesset,
324 1615 362 1660 ac
393 1596 455 1660 iam
486 1603 553 1661 tum
584 1605 652 1662 erat
682 1599 937 1664 adulescentulus
964 1596 1014 1662 his
1037 1597 1150 1664 studiis

103 1702 236 1766 mirifice
260 1699 398 1764 deditus
436 1701 500 1764 iam
523 1721 599 1765 vero
622 1699 662 1764 de
684 1702 810 1786 legibus
833 1701 969 1781 tuendis,
992 1700 1033 1765 de
1056 1701 1148 1783 hello,
1169 1717 1201 1765 ee

60 1826 86 1872 1⁵
104 1804 143 1868 de
166 1824 259 1888 pace,
277 1802 319 1868 de
344 1802 445 1884 sociis,
462 1801 502 1868 de
525 1803 743 1887 vectigalibus,
765 1804 804 1868 de
827 1805 894 1868 iure
917 1803 1037 1867 civium
1056 1823 1150 1886 gene-

105 1907 197 1972 ratim
225 1908 260 1971 in
288 1905 416 1971 ordines
438 1912 623 1988 aetatesque
647 1906 797 1991 discripto
820 1905 929 1970 dicant
951 1906 1002 1969 vel
1026 1905 1148 1986 Graeci,

107 2011 133 2075 si
155 2011 279 2089 volunt,
296 2009 478 2093 Lycurgum
502 2016 534 2076 et
556 1997 703 2075 ¹Solonem
720 2029 970 2092 —quamquam
992 1999 1061 2074 illos
1084 2008 1149 2090 qui-

108 2113 178 2178 dem
209 2131 379 2178 censemus
408 2113 441 2176 in
472 2132 602 2178 numero
635 2114 848 2195 eloquentium
879 2111 1078 2196 reponendos
1107 2150 1150 2158 ——

109 2215 204 2282 scisse
236 2215 352 2280 melius
382 2237 476 2298 quarn
500 2216 696 2300 Hyperidem
724 2223 779 2281 aut
801 2215 1058 2296 Demosthenem,
1082 2234 1149 2298 per·

61 2339 93 2387 eo
111 2319 206 2386 tectos
234 2321 300 2384 iam
329 2320 471 2385 homines
499 2320 531 2384 in
560 2318 695 2384 dicendo
718 2326 750 2384 et
771 2319 953 2404 perpolitus,
977 2319 1029 2385 vel
1051 2321 1149 2384 nostri

111 2420 307 2489 decemviros
324 2424 376 2504 qui
392 2448 435 2487 x11
449 2425 575 2489 tabulas
597 2417 845 2508 perscripserim,
863 2443 940 2505 quos
956 2442 1086 2488 necesse
1103 2430 1151 2488 est

112 2525 206 2592 fuisse
234 2525 409 2610 prudentis,
432 2533 628 2611 anteponant
655 2527 688 2591 in
714 2526 776 2592 hoc
797 2547 915 2611 genere
943 2534 974 2592 et
997 2527 1063 2593 Ser.
1081 2527 1151 2592 Gal·
1257 2587 1263 2600 ,

113 2629 168 2695 bae
196 2636 228 2694 et
251 2649 361 2696 socero
383 2637 437 2696 tuo
460 2632 494 2698 O.
511 2631 630 2710 Laelio,
655 2649 732 2712 quos
756 2636 879 2696 constat
902 2629 1029 2696 dicendi
1051 2631 1152 2714 gloria

114 2732 316 2814 praestitisse.
345 2754 517 2816 numquam
540 2721 626 2798 enini
648 2733 773 2818 negabo
797 2754 867 2798 esse
884 2733 1037 2816 quasdam
1053 2733 1151 2817 partis
1171 2752 1203 2800 ec

64 2855 98 2901 ce
116 2837 254 2920 proprias
270 2856 387 2918 eorum,
405 2838 458 2920 qui
481 2836 514 2901 in
536 2835 587 2902 his
609 2836 838 2920 cognoscendis
861 2842 957 2918 atque
979 2835 1152 2901 tractandis

118 2939 251 3004 studium
283 2959 373 3005 suurn
402 2960 496 3006 omne
527 2947 715 3025 posuerunt;
752 2940 809 3006 sed
837 2946 993 3005 oratorem
1023 2939 1152 3024 plenum

117 3047 208 3124 atque
230 3042 405 3127 perlectum
427 3064 498 3118 esse
522 3064 603 3125 eum,
628 3045 683 3126 qui
705 3042 745 3108 de
767 3044 914 3109 omnibus
937 3044 1031 3109 rebus
1053 3043 1153 3128 possit

118 3146 239 3229 copiose
255 3146 403 3229 varieque
418 3147 524 3214 dicere
566 3148 683 3212 etenim
707 3168 802 3233 saepe
825 3148 858 3212 in
880 3147 920 3213 iis
943 3146 1056 3227 causis,
1073 3165 1151 3227 quas
1170 3159 1205 3212 14

116 3236 224 3315 omnes
238 3251 381 3334 proprias
396 3271 466 3317 csse
482 3258 640 3316 oratorum
656 3252 853 3332 confitentur,
870 3258 918 3316 est
933 3248 1053 3342 aliquid
1068 3247 1152 3330 quod

74 3369 106 3418 30
121 3371 180 3416 non
210 3373 251 3418 ex
281 3374 339 3419 usu
368 3355 496 3435 forensi,
522 3375 615 3436 quern
642 3356 742 3420 solum
770 3354 946 3420 oratoribus
969 3351 1151 3431 conceditis,

120 3455 172 3520 sed
194 3476 235 3521 ex
258 3458 437 3548 obscuriore
460 3459 567 3540 aliqua
589 3459 721 3524 scientia
751 3459 792 3524 sit
821 3455 1029 3542 promendum
1056 3459 1152 3534 atque

121 3557 311 3626 sumendum.
347 3582 462 3643 quaero
485 3561 570 3627 enim
593 3582 668 3627 num
691 3561 791 3646 possit
813 3565 868 3625 ant
891 3565 998 3624 eontm
1021 3556 1153 3637 impera·
1172 3575 1204 3623 sc

122 3665 215 3728 torem
237 3670 293 3728 aut
308 3685 370 3748 pro
392 3666 582 3748 imperatore
605 3665 668 3729 diei
691 3663 759 3728 sine
782 3663 828 3726 rei
850 3657 993 3723 militaris
1015 3675 1074 3718 usu
1096 3663 1153 3719 aut
1182 3743 1185 3752 Ι

122 3781 211 3849 saepe
235 3767 330 3831 etiam
352 3769 421 3833 sine
443 3768 606 3850 regionum
629 3765 821 3830 terrestrium
843 3767 898 3823 aut
915 3755 1151 3820 narinmamm
