2834 4110
308 158 421 212 urana
439 158 476 213 11.
507 158 713 216 CAP.49-5o.
744 162 923 223 saco-aon.
1068 143 1134 224 123*

86 330 179 410 quod
200 337 231 396 et
257 332 368 416 populi
394 333 649 398 benevolentiam
682 332 759 397 mihi
788 332 1003 413 conciliatam,
1040 331 1134 396 cuius

87 433 138 498 ius
168 419 264 500 etiam
297 453 369 500 cum
401 434 563 501 seditionis
594 435 814 501 coniunctione
849 435 1065 515 defenderam,
1098 441 1129 523 ct

87 535 231 603 iudicum
258 539 382 604 animos
405 544 489 604 tutos
515 540 566 604 vel
593 540 773 605 calamitate
801 539 937 604 civitatis
964 540 1016 604 vel
1043 540 1130 619 luctu

87 660 126 704 ac
151 640 307 706 desiderio
323 641 569 726 propinquorum
584 644 636 708 vel
652 640 724 707 odio
740 642 867 727 proprio
887 643 919 707 in
935 631 1129 725 Caepionem

55 743 130 808 aad
161 764 289 810 oausam
315 751 456 812 nostram
483 753 716 826 mnvmteram,
752 749 819 811 tum
847 745 1023 810 admiscere
1056 744 1133 808 huic
1191 733 1196 822 J

86 849 201 932 generi
222 849 373 914 orationis
400 849 581 915 vehementi
608 857 704 932 atque
727 849 827 914 atroci
854 868 957 932 genus
987 847 1064 912 illud
1086 848 1128 911 al·

86 958 203 1034 terum,
226 952 266 1018 de
289 973 351 1036 quo
374 959 449 1018 ante
471 952 642 1037 disputavi,
666 953 860 1018 lenitatis'et
875 952 1133 1019 mansuetudinis

87 1056 197 1140 coepi:
232 1077 284 1121 me
309 1076 367 1142 pro
398 1077 468 1122 meo
502 1056 612 1138 sodali,
648 1057 701 1139 qui
731 1056 808 1121 mihi
836 1056 869 1120 in
899 1056 1033 1121 liberum
1060 1056 1133 1122 loco

86 1179 177 1226 more
207 1161 359 1226 maiorum
381 1178 462 1231 ‚esse
491 1159 630 1242 deberet,
666 1166 698 1226 et
729 1181 785 1246 pro
819 1179 891 1224 mea
924 1160 1010 1224 omni
1041 1159 1133 1224 fama

7 1263 8 1312 ἶ
41 1282 69 1329 10
86 1283 188 1347 prope
211 1263 408 1347 fortunisque
432 1263 616 1350 decernere,
647 1264 727 1328 nihil
749 1264 827 1329 mihi
855 1263 897 1330 ad
926 1264 1131 1330 existimatio

86 1387 165 1432 nem
186 1368 318 1461 turpius,
347 1367 427 1432 nihil
453 1368 495 1433 ad
522 1369 661 1435 dolorem
688 1370 834 1434 acerbius
861 1368 1009 1434 accidere
1036 1387 1130 1452 posse

88 1492 184 1554 quam
208 1473 244 1553 si,
267 1472 295 1568 is
318 1472 372 1554 qui
397 1491 492 1555 saepe
515 1472 717 1539 alienissimis
733 1494 754 1538 a
769 1492 829 1553 me,
854 1473 910 1538 sed
927 1473 1006 1538 meis
1022 1480 1129 1537 tamen

87 1575 213 1642 civibus
240 1577 334 1642 saluti
369 1576 566 1642 existimarer
600 1577 707 1658 fuisse,
739 1576 841 1642 sodali
870 1599 941 1643 meo
975 1577 1129 1643 auxilium

87 1676 171 1744 ferre
194 1701 258 1745 non
281 1681 464 1764 potuissem.
503 1683 652 1765 petebam
674 1681 867 1747 aiudioibus
882 1688 916 1746 ut
932 1681 1010 1746 illud
1031 1680 1129 1745 aetati
1147 1685 1195 1735 aot

43 1801 71 1848 15
88 1803 190 1864 mene,
213 1789 247 1848 ut
269 1783 451 1865 honoribus,
474 1791 510 1849 ut
530 1786 626 1851 rebus
648 1786 757 1870 gestis,
780 1786 807 1850 si
829 1785 922 1867 iusto,
951 1785 978 1850 si
1000 1785 1053 1869 pio
1076 1781 1127 1847 do-

7 1897 9 1940 t
87 1889 154 1953 lore
176 1907 228 1951 me
250 1907 320 1954 esse
342 1886 503 1953 adfectum
520 1888 675 1970 viderent,
698 1889 921 1973 concederent;
945 1887 1129 1972 praesertim

7 2037 8 2046 ι
89 1993 117 2058 si
146 1992 180 2056 in
210 1991 280 2056 aliis
311 1991 415 2057 causis
444 1992 678 2058 intellexissent
704 1995 811 2061 omnia
840 2013 892 2058 me
915 2012 1040 2077 semper
1073 2011 1129 2076 pro
1194 2056 1196 2064 ,

88 2095 263 2162 amicorum
285 2095 443 2179 periculis,
466 2096 545 2161 nihil
574 2117 724 2180 umquam
751 2118 807 2183 pro
837 2117 888 2162 me
919 2097 989 2182 ipso
1018 2095 1125 2180 depre-

90 2206 205 2264 catum.
251 2200 357 2264 sicin
387 2199 441 2264 illa
467 2200 554 2265 omni
581 2199 767 2266 defensioue
794 2208 892 2283 atque
922 2221 1019 2266 causa
1045 2197 1129 2282 quod

44 2321 73 2370 ao
91 2325 161 2372 esse
184 2304 217 2369 in
246 2311 314 2370 arte
344 2303 481 2388 positum
511 2303 689 2385 videbatur,
723 2310 758 2368 ut
792 2304 833 2368 de
866 2305 938 2388 lege
972 2301 1129 2388 Appuleia

91 2409 239 2489 dicerem,
262 2415 297 2473 ut
320 2407 396 2490 quid
419 2414 503 2475 esset
526 2409 669 2474 minuere
697 2409 898 2474 maiestatem
926 2410 1128 2494 explicarem,

7 2489 9 2512 ἱ
91 2532 245 2597 perquam
274 2513 414 2578 breviter
446 2513 619 2596 perstrinxi
648 2519 744 2596 atque
774 2513 883 2599 attigi;
922 2513 972 2579 his
1006 2511 1130 2576 duabus

91 2617 234 2700 partibus
262 2617 422 2698 orationis,
454 2637 586 2700 quarum
614 2617 715 2682 altera
742 2617 1050 2682 commendationem
1077 2614 1131 2678 ha·

91 2721 155 2802 bet,
177 2720 278 2785 altera
301 2720 553 2805 concitationem,
577 2741 659 2802 quae
675 2721 805 2786 minime
820 2723 1000 2806 praeceptis
1015 2720 1129 2784 artium

45 2838 74 2886 aa
93 2829 166 2888 sunt
187 2823 372 2907 perpolitae,
395 2825 497 2889 omnis
520 2831 568 2890 est
591 2845 611 2889 a
633 2846 684 2891 me
711 2825 767 2889 illa
795 2828 893 2892 causa
920 2829 1063 2904 tractata,
1094 2827 1131 2886 ut

93 2933 125 2992 et
145 2927 316 2992 acerrimus
338 2928 373 2992 in
397 2928 566 3012 Caepionis
588 2928 711 2994 invidia
732 2928 917 2993 renovanda
940 2935 972 2994 et
994 2929 1027 2993 iu
1049 2927 1129 2991 meis

7 3095 12 3128 r
93 3031 232 3096 moribus
256 3051 332 3115 erga
355 3051 441 3097 meos
464 3033 660 3098 necessarios
689 3032 889 3098 declarandis
916 3030 1128 3098 mansuetissi-

93 3155 163 3200 mus
185 3134 318 3200 viderer.
365 3135 410 3200 ita
432 3137 535 3220 magis
562 3135 696 3203 adfectis
722 3137 837 3202 animis
864 3137 1004 3202 iudicum
1034 3156 1129 3220 quam

95 3237 193 3303 doctis
224 3245 289 3322 tua,
317 3239 451 3322 Sulpici,
483 3247 531 3305 est
561 3261 581 3304 a
611 3241 703 3306 nobis
733 3248 798 3306 tum
833 3241 993 3306 accusatio
1023 3236 1128 3304 victa’

7 3421 8 3424 Ἴ
46 3356 76 3404 co
94 3341 144 3406 hic
166 3341 325 3425 Sulpicius
347 3335 433 3407 ‘vere
456 3339 573 3408 hercle'
603 3345 706 3427 inquit
736 3338 874 3426 ‘Antoni
906 3345 967 3409 ista
997 3363 1128 3408 comme·

7 3521 8 3528 ,
94 3464 205 3511 moras.
251 3465 326 3509 nam
349 3466 408 3529 ego
431 3446 511 3511 nihil
533 3467 682 3530 umquam
706 3448 773 3514 vidi
796 3447 878 3532 quod
902 3453 967 3512 tam
991 3465 1008 3509 e
1031 3447 1129 3512 mani-

7 3531 9 3606 l
94 3551 153 3615 bus
182 3549 373 3632 elaberetur,
409 3573 505 3635 quam
540 3551 617 3616 mihi
652 3559 718 3617 tum
754 3559 802 3640 est
836 3552 945 3633 elapsa
976 3548 1029 3612 illa
1059 3550 1130 3633 ipsa

94 3673 196 3718 causa.
243 3673 313 3718 cum
342 3656 437 3738 enim,
469 3676 562 3738 quem
593 3655 634 3719 ad
664 3656 793 3720 modum
823 3653 942 3732 dixisti,
976 3650 1035 3716 tibi
1071 3673 1130 3737 ego

94 3777 157 3822 non
187 3756 348 3839 iudicium,
380 3759 436 3824 sed
468 3757 651 3824 incendium
681 3757 892 3835 tradidissem,
925 3753 1009 3837 quod
1041 3763 1130 3822 tuum

1152 3318 1189 3370 50

1148 3391 1198 3439 202
