2834 4110
324 119 494 174 11111111.
525 120 608 176 cAP.
626 123 737 176 11-31.
773 123 951 184 siae-rao.
1097 106 1157 170 103

126 301 232 360 natura
258 294 452 378 denegatum
483 316 586 378 neque
613 317 633 360 a
655 295 799 360 doctrina
828 316 892 360 non
920 295 1061 360 delatum
1088 316 1157 361 esse

125 397 270 464 videatur.
318 420 382 482 qua
412 420 456 481 re,
480 401 602 482 Crasse,
634 421 739 483 neque
767 406 801 465 tu
831 406 886 464 tua
912 401 1070 466 suavitate
1100 421 1158 465 nos

125 503 266 586 privabis,
290 497 335 586 ut,
360 504 387 568 si
411 504 487 586 quid
509 507 550 570 ab
574 505 713 570 Antonio
736 511 791 569 aut
818 504 1075 589 praetermissum
1103 511 1158 568 aut

124 607 257 673 relictum
281 609 332 689 sit,
356 629 420 673 non
445 608 594 693 explices,
618 628 722 691 neque
745 615 786 690 te,
814 609 944 690 Antoni,
961 610 987 673 si
1003 608 1079 692 quid
1093 630 1158 674 non

95 720 108 766 5
125 709 245 794 dixeris,
271 712 526 778 existimabimus
540 733 604 777 non
621 713 761 797 potuisse
776 713 881 797 potius
896 733 992 794 quam
1007 733 1027 776 a
1044 713 1158 778 Crasso

124 814 181 880 dici
213 813 386 882 maluisse?
430 816 483 880 hic
512 818 645 882 Crassus
684 809 770 900 ‘quin
803 813 847 882 tu'
882 817 984 900 inquit
1018 811 1157 899 ‘Antoni
1179 833 1228 881 rau

29 959 30 982 2
123 921 234 986 omittis
256 922 318 986 ista
336 941 418 1003 quae
434 921 633 1004 proposuisti,
650 941 732 1002 quae
748 941 841 985 nemo
857 921 968 986 horum
985 920 1158 987 desiderat:

123 1024 229 1104 quibus
253 1046 295 1090 ex
319 1025 397 1090 loois
420 1045 458 1088 ea
481 1045 562 1107 qnae
585 1024 722 1089 dicenda
744 1032 818 1090 sunt
833 1025 867 1089 in
883 1026 987 1091 causis
1002 1027 1157 1112 reperian-

123 1133 176 1192 tur.
221 1149 304 1211 quac
328 1149 519 1211 quamquam
542 1136 616 1194 ate
639 1150 721 1194 novo
745 1129 883 1211 quodam
906 1131 999 1196 modo
1022 1131 1160 1216 praecla-

82 1246 213 1314 roreque
235 1233 395 1313 dicuntur,
419 1239 491 1298 sunt
513 1240 620 1298 tamen
644 1239 675 1298 et
698 1254 731 1298 re
758 1234 900 1299 faciliora
924 1241 955 1299 11
977 1235 1157 1320 praeceptis

123 1345 309 1423 pervagata:
334 1337 390 1401 illa
411 1337 561 1421 deprome
585 1337 677 1402 nobis
699 1337 784 1403 unde
808 1337 947 1422 11111111,
979 1361 1061 1422 quae
1095 1359 1159 1404 sae·

29 1475 31 1564 p
123 1440 245 1522 pissime
268 1447 388 1506 tractas
411 1461 598 1525 semperque
621 1437 796 1508 divinitus?

220 1541 427 1631 ‘Depromam
451 1543 607 1629 equidem’
630 1546 734 1628 inquit
757 1540 808 1628 ‘et,
842 1568 903 1629 quo
926 1548 1051 1614 facilius
1078 1548 1111 1612 id
1141 1560 1229 1612 aras

124 1655 152 1713 te
174 1651 300 1735 exigam
325 1649 409 1732 quod
431 1657 516 1734 peto,
540 1650 618 1715 nihil
633 1650 726 1715 tibia
741 1672 793 1716 mc
809 1651 981 1735 postulanti
996 1652 1157 1718 recusabo.

84 1765 108 1810 15
125 1774 208 1820 meae
229 1755 327 1820 totius
350 1755 384 1818 in
407 1753 541 1819 dicendo
563 1754 694 1819 rationis
716 1762 747 1820 et
762 1754 853 1820 istius
876 1756 975 1839 ipsius
991 1755 1159 1835 facultatis,

125 1877 213 1938 quam
236 1859 333 1925 modo
356 1859 489 1924 Crassus
511 1859 544 1923 in
569 1859 690 1924 caelum
714 1861 820 1925 verbis
845 1860 967 1940 extulit,
996 1867 1059 1924 tres
1088 1866 1160 1923 sunt

30 1953 31 1962 ’
125 1963 266 2044 rationes,
295 1968 331 2028 ut
357 1968 433 2026 ante
467 1962 551 2027 dixi:
587 1983 651 2027 una
685 1962 953 2028 conciliandorum
987 1963 1160 2042 hominum,

124 2067 217 2133 altera
239 2067 465 2148 docendorum,
489 2068 582 2134 tertia
613 2068 879 2133 concitandorum.
927 2068 1039 2134 harum
1067 2068 1230 2132 trium129

29 2235 31 2254 ,
124 2174 255 2254 partium
278 2172 382 2257 prima
404 2171 566 2237 lenitatem
590 2173 750 2255 orationis,
775 2172 916 2238 secunda
935 2194 1080 2254 acumen,
1104 2179 1162 2236 ter-

29 2267 31 2352 i
82 2294 108 2339 11
124 2276 165 2340 111
186 2278 250 2342 vim
275 2275 443 2342 desiderat.
490 2298 564 2341 nam
587 2277 648 2342 hoc
670 2297 802 2343 necesse
826 2283 883 2359 est,
901 2285 935 2342 ut
955 2278 984 2343 is
1000 2279 1054 2360 qui
1069 2275 1162 2341 nobis

30 2435 31 2438 ,
125 2399 246 2446 cansam
270 2379 508 2446 adiudicaturus
531 2381 572 2462 111
593 2387 650 2446 aut
672 2383 877 2447 inclinatione
901 2383 1073 2448 voluntatis
1095 2402 1161 2466 pro·

124 2485 257 2567 pendeat
289 2485 322 2548 111
353 2503 410 2548 nos
441 2492 497 2548 aut
526 2485 722 2551 defensionis
754 2489 952 2570 argumentis
985 2487 1161 2552 adducatur

69 2648 76 2662 ,
124 2595 173 2652 111
194 2589 294 2654 animi
325 2589 520 2672 permotione
551 2595 692 2675 cogatur.
739 2590 795 2655 sed
824 2593 974 2673 quoniam
1004 2593 1059 2657 illa
1088 2610 1161 2674 pars

29 2723 31 2812 p
125 2691 237 2776 inqua
260 2713 367 2758 rerum
389 2693 529 2777 ipsarum
552 2693 725 2779 explicatio
747 2714 786 2758 11
809 2695 953 2762 defensio
981 2697 1087 2780 posita
1114 2699 1161 2758 est

29 2815 31 2930 Ι
84 2817 110 2865 te
125 2795 242 2862 videtur
265 2817 392 2861 omnem
414 2796 507 2862 huius
529 2797 657 2882 generis
680 2797 770 2881 quasi
794 2798 969 2865 doctrinam
991 2798 1161 2878 continere,

126 2898 220 2966 deca
242 2901 380 2985 primum
403 2901 568 2982 loquemur
591 2907 622 2966 et
643 2922 746 2986 pauca
762 2901 913 2968 dicemus.
958 2923 1061 2986 pauca
1077 2902 1162 2966 enim

29 3021 31 3098 J
127 3013 193 3070 sunt
215 3027 296 3088 quae
320 3025 378 3070 usu
400 3005 464 3070 11111
487 3012 623 3071 tractata
644 3007 796 3071 1111111111
813 3007 1161 3088 quasinotatahabere

126 3109 293 3176 videamur.
340 3130 380 3174 11
402 3111 461 3175 tibi
484 3111 644 3194 sapienter
667 3111 821 3192 monenti,
846 3075 1230 3199 [111011111111111-1331)

126 3220 168 3278 ter
195 3214 412 3280 adsentiamur
449 3220 484 3278 ut
515 3215 711 3298 singularum
745 3235 912 3280 causarum
950 3215 1161 3295 defensiones,

88 3335 112 3384 11
127 3338 199 3398 quas
222 3319 326 3384 solent
348 3318 492 3400 magistri
514 3318 621 3402 pueris
643 3318 780 3399 tradere,
804 3319 1027 3401 relinquamus,
1043 3317 1161 3400 aperia-

29 3447 30 3487 1
127 3443 189 3488 mus
212 3430 320 3488 autern
344 3423 450 3506 capita
473 3443 511 3486 11
534 3421 618 3488 unde
642 3423 744 3488 omnis
766 3423 808 3487 ad
831 3442 956 3489 omnem
980 3428 1012 3485 et
1034 3440 1162 3485 eausam

128 3528 348 3594 cierationem
372 3525 545 3610 disputatio
576 3525 709 3591 ducitur.
756 3547 859 3609 neque
890 3525 984 3606 enim,
1017 3523 1162 3605 quotiens

127 3633 251 3697 verbum
276 3630 406 3714 aliquod
430 3637 478 3696 est
501 3629 702 3695 scribendum
724 3630 826 3709 nobis,
850 3629 966 3693 totiens
990 3627 1057 3691 eius
1072 3627 1162 3691 verbi

128 3735 243 3804 litterae
261 3743 336 3802 sunt
355 3735 548 3818 cogitatione
564 3731 814 3816 conquirendae;
831 3751 890 3796 nec
907 3731 1050 3812 quotiens
1067 3749 1163 3795 causa
