<?xml version="1.0" encoding="UTF-8"?>
<!DOCTYPE html PUBLIC "-//W3C//DTD XHTML 1.0 Transitional//EN"
    "http://www.w3.org/TR/xhtml1/DTD/xhtml1-transitional.dtd">
<html xmlns="http://www.w3.org/1999/xhtml" xml:lang="en" lang="en">
 <head>
  <title>
</title>
<meta http-equiv="Content-Type" content="text/html;charset=utf-8" />
  <meta name='ocr-system' content='tesseract 3.04.00' />
  <meta name='ocr-capabilities' content='ocr_page ocr_carea ocr_par ocr_line ocrx_word'/>
</head>
<body>
  <div class='ocr_page' id='page_1' title='image "./mtulliciceronis21cicegoog_0025.png"; bbox 0 0 2866 4110; ppageno 0'>
   <div class='ocr_carea' id='block_1_1' title="bbox 301 169 1108 251">
    <p class='ocr_par' dir='ltr' id='par_1_1' title="bbox 301 169 1108 251">
     <span class='ocr_line' id='line_1_1' title="bbox 301 169 1108 251; baseline 0.001 -12"><span class='ocrx_word' id='word_1_1' title='bbox 301 169 341 231; x_wconf 84' lang='lat'>16</span> <span class='ocrx_word' id='word_1_2' title='bbox 531 187 641 240; x_wconf 78' lang='lat' dir='ltr'>uranu</span> <span class='ocrx_word' id='word_1_3' title='bbox 660 187 682 240; x_wconf 88' lang='lat'>1.</span> <span class='ocrx_word' id='word_1_4' title='bbox 719 187 803 241; x_wconf 78' lang='lat' dir='ltr'>cAP.</span> <span class='ocrx_word' id='word_1_5' title='bbox 818 191 927 242; x_wconf 78' lang='lat'>14-15.</span> <span class='ocrx_word' id='word_1_6' title='bbox 965 183 1108 251; x_wconf 77' lang='lat' dir='ltr'>&#39;seo-er.</span> 
     </span>
    </p>
   </div>
   <div class='ocr_carea' id='block_1_2' title="bbox 194 361 1403 3858">
    <p class='ocr_par' dir='ltr' id='par_1_2' title="bbox 297 361 1403 1066">
     <span class='ocr_line' id='line_1_2' title="bbox 299 361 1337 446; baseline 0.005 -22"><span class='ocrx_word' id='word_1_7' title='bbox 299 361 449 445; x_wconf 86' lang='lat' dir='ltr'>scientia;</span> <span class='ocrx_word' id='word_1_8' title='bbox 483 382 559 426; x_wconf 92' lang='lat' dir='ltr'>num</span> <span class='ocrx_word' id='word_1_9' title='bbox 589 361 674 445; x_wconf 92' lang='lat' dir='ltr'>apud</span> <span class='ocrx_word' id='word_1_10' title='bbox 704 362 854 445; x_wconf 92' lang='lat' dir='ltr'>populum</span> <span class='ocrx_word' id='word_1_11' title='bbox 885 362 925 427; x_wconf 89' lang='lat' dir='ltr'>de</span> <span class='ocrx_word' id='word_1_12' title='bbox 955 362 1079 446; x_wconf 83' lang='lat' dir='ltr'>legibus</span> <span class='ocrx_word' id='word_1_13' title='bbox 1108 363 1256 430; x_wconf 88' lang='lat' dir='ltr'>iubendis</span> <span class='ocrx_word' id='word_1_14' title='bbox 1283 373 1337 429; x_wconf 90' lang='lat' dir='ltr'>aut</span> 
     </span>
     <span class='ocr_line' id='line_1_3' title="bbox 298 465 1336 552; baseline 0.006 -24"><span class='ocrx_word' id='word_1_15' title='bbox 298 465 455 545; x_wconf 84' lang='lat' dir='ltr'>vetandis,</span> <span class='ocrx_word' id='word_1_16' title='bbox 480 485 555 529; x_wconf 92' lang='lat' dir='ltr'>num</span> <span class='ocrx_word' id='word_1_17' title='bbox 578 465 611 529; x_wconf 95' lang='lat' dir='ltr'>in</span> <span class='ocrx_word' id='word_1_18' title='bbox 639 471 751 530; x_wconf 87' lang='lat' dir='ltr'>senatu</span> <span class='ocrx_word' id='word_1_19' title='bbox 781 465 822 530; x_wconf 90' lang='lat' dir='ltr'>de</span> <span class='ocrx_word' id='word_1_20' title='bbox 852 467 937 531; x_wconf 91' lang='lat' dir='ltr'>omni</span> <span class='ocrx_word' id='word_1_21' title='bbox 967 467 1013 531; x_wconf 90' lang='lat' dir='ltr'>rei</span> <span class='ocrx_word' id='word_1_22' title='bbox 1042 468 1188 551; x_wconf 85' lang='lat' dir='ltr'>publicae</span> <span class='ocrx_word' id='word_1_23' title='bbox 1218 488 1336 552; x_wconf 84' lang='lat' dir='ltr'>genere</span> 
     </span>
     <span class='ocr_line' id='line_1_4' title="bbox 299 568 1403 656; baseline 0.005 -25"><span class='ocrx_word' id='word_1_24' title='bbox 299 568 360 632; x_wconf 90' lang='lat' dir='ltr'>dici</span> <span class='ocrx_word' id='word_1_25' title='bbox 384 569 452 634; x_wconf 92' lang='lat' dir='ltr'>sine</span> <span class='ocrx_word' id='word_1_26' title='bbox 476 588 599 634; x_wconf 91' lang='lat' dir='ltr'>summa</span> <span class='ocrx_word' id='word_1_27' title='bbox 621 588 725 632; x_wconf 93' lang='lat' dir='ltr'>rerum</span> <span class='ocrx_word' id='word_1_28' title='bbox 747 568 888 634; x_wconf 88' lang='lat' dir='ltr'>civilium</span> <span class='ocrx_word' id='word_1_29' title='bbox 908 569 1087 653; x_wconf 82' lang='lat' dir='ltr'>cognitione</span> <span class='ocrx_word' id='word_1_30' title='bbox 1103 577 1135 635; x_wconf 91' lang='lat' dir='ltr'>et</span> <span class='ocrx_word' id='word_1_31' title='bbox 1149 570 1335 656; x_wconf 77' lang='lat' dir='ltr'>prudentia,</span> <span class='ocrx_word' id='word_1_32' title='bbox 1402 611 1403 620; x_wconf 27' lang='grc' dir='ltr'><strong>κ</strong></span> 
     </span>
     <span class='ocr_line' id='line_1_5' title="bbox 298 669 1403 757; baseline 0.004 -21"><span class='ocrx_word' id='word_1_33' title='bbox 298 692 374 736; x_wconf 89' lang='lat' dir='ltr'>num</span> <span class='ocrx_word' id='word_1_34' title='bbox 401 671 564 737; x_wconf 88' lang='lat' dir='ltr'>admoveri</span> <span class='ocrx_word' id='word_1_35' title='bbox 590 673 690 756; x_wconf 90' lang='lat' dir='ltr'>possit</span> <span class='ocrx_word' id='word_1_36' title='bbox 717 673 816 737; x_wconf 90' lang='lat' dir='ltr'>oratio</span> <span class='ocrx_word' id='word_1_37' title='bbox 842 673 885 736; x_wconf 88' lang='lat' dir='ltr'>ad</span> <span class='ocrx_word' id='word_1_38' title='bbox 908 693 1021 739; x_wconf 88' lang='lat' dir='ltr'>sensus</span> <span class='ocrx_word' id='word_1_39' title='bbox 1043 674 1218 738; x_wconf 87' lang='lat' dir='ltr'>animorum</span> <span class='ocrx_word' id='word_1_40' title='bbox 1241 683 1337 757; x_wconf 88' lang='lat' dir='ltr'>atque</span> <span class='ocrx_word' id='word_1_41' title='bbox 1402 669 1403 672; x_wconf 49' lang='lat'>&#39;</span> 
     </span>
     <span class='ocr_line' id='line_1_6' title="bbox 298 775 1371 861; baseline 0.003 -22"><span class='ocrx_word' id='word_1_42' title='bbox 298 783 400 841; x_wconf 87' lang='lat' dir='ltr'>motus</span> <span class='ocrx_word' id='word_1_43' title='bbox 434 776 486 840; x_wconf 84' lang='lat' dir='ltr'>uel</span> <span class='ocrx_word' id='word_1_44' title='bbox 515 775 759 841; x_wconf 88' lang='lat' dir='ltr'>inflammandos</span> <span class='ocrx_word' id='word_1_45' title='bbox 788 778 840 842; x_wconf 89' lang='lat' dir='ltr'>vel</span> <span class='ocrx_word' id='word_1_46' title='bbox 867 777 963 841; x_wconf 91' lang='lat' dir='ltr'>etiam</span> <span class='ocrx_word' id='word_1_47' title='bbox 987 776 1229 861; x_wconf 84' lang='lat' dir='ltr'>extinguendos,</span> <span class='ocrx_word' id='word_1_48' title='bbox 1255 779 1371 861; x_wconf 75' lang='lat' dir='ltr'>quoda</span> 
     </span>
     <span class='ocr_line' id='line_1_7' title="bbox 298 879 1338 966; baseline 0.006 -24"><span class='ocrx_word' id='word_1_49' title='bbox 298 880 451 943; x_wconf 88' lang='lat' dir='ltr'>nnumin</span> <span class='ocrx_word' id='word_1_50' title='bbox 475 885 596 944; x_wconf 88' lang='lat' dir='ltr'>oratore</span> <span class='ocrx_word' id='word_1_51' title='bbox 619 879 815 960; x_wconf 87' lang='lat' dir='ltr'>dominatur,</span> <span class='ocrx_word' id='word_1_52' title='bbox 831 881 900 945; x_wconf 90' lang='lat' dir='ltr'>sine</span> <span class='ocrx_word' id='word_1_53' title='bbox 923 879 1166 964; x_wconf 84' lang='lat' dir='ltr'>diligentissima</span> <span class='ocrx_word' id='word_1_54' title='bbox 1187 884 1338 966; x_wconf 90' lang='lat' dir='ltr'>pervesti-</span> 
     </span>
     <span class='ocr_line' id='line_1_8' title="bbox 297 983 1337 1066; baseline 0.004 -20"><span class='ocrx_word' id='word_1_55' title='bbox 297 983 425 1065; x_wconf 84' lang='lat' dir='ltr'>gatione</span> <span class='ocrx_word' id='word_1_56' title='bbox 448 1003 556 1047; x_wconf 87' lang='lat' dir='ltr'>earum</span> <span class='ocrx_word' id='word_1_57' title='bbox 579 984 718 1047; x_wconf 86' lang='lat' dir='ltr'>omnium</span> <span class='ocrx_word' id='word_1_58' title='bbox 742 984 897 1048; x_wconf 89' lang='lat' dir='ltr'>rationum</span> <span class='ocrx_word' id='word_1_59' title='bbox 913 1004 995 1066; x_wconf 87' lang='lat' dir='ltr'>quae</span> <span class='ocrx_word' id='word_1_60' title='bbox 1011 984 1051 1049; x_wconf 92' lang='lat' dir='ltr'>de</span> <span class='ocrx_word' id='word_1_61' title='bbox 1070 985 1191 1050; x_wconf 88' lang='lat' dir='ltr'>naturis</span> <span class='ocrx_word' id='word_1_62' title='bbox 1206 984 1337 1050; x_wconf 89' lang='lat' dir='ltr'>humani</span> 
     </span>
    </p>

    <p class='ocr_par' dir='ltr' id='par_1_3' title="bbox 246 1086 1387 1689">
     <span class='ocr_line' id='line_1_9' title="bbox 246 1086 1337 1172; baseline 0.011 -29"><span class='ocrx_word' id='word_1_63' title='bbox 246 1098 276 1144; x_wconf 85' lang='lat' dir='ltr'>er</span> <span class='ocrx_word' id='word_1_64' title='bbox 296 1087 423 1169; x_wconf 84' lang='lat' dir='ltr'>generis</span> <span class='ocrx_word' id='word_1_65' title='bbox 439 1106 477 1151; x_wconf 87' lang='lat' dir='ltr'>ac</span> <span class='ocrx_word' id='word_1_66' title='bbox 492 1086 668 1152; x_wconf 83' lang='lat' dir='ltr'>moribusa</span> <span class='ocrx_word' id='word_1_67' title='bbox 688 1086 885 1171; x_wconf 89' lang='lat' dir='ltr'>philosophis</span> <span class='ocrx_word' id='word_1_68' title='bbox 909 1088 1116 1172; x_wconf 86' lang='lat' dir='ltr'>explicantur.</span> <span class='ocrx_word' id='word_1_69' title='bbox 1140 1093 1236 1170; x_wconf 86' lang='lat' dir='ltr'>atquc</span> <span class='ocrx_word' id='word_1_70' title='bbox 1250 1089 1337 1155; x_wconf 89' lang='lat' dir='ltr'>hand</span> 
     </span>
     <span class='ocr_line' id='line_1_10' title="bbox 297 1190 1336 1275; baseline -0.001 -17"><span class='ocrx_word' id='word_1_71' title='bbox 297 1190 362 1258; x_wconf 84' lang='lat' dir='ltr'>scio</span> <span class='ocrx_word' id='word_1_72' title='bbox 392 1211 435 1254; x_wconf 91' lang='lat' dir='ltr'>an</span> <span class='ocrx_word' id='word_1_73' title='bbox 464 1191 576 1256; x_wconf 90' lang='lat' dir='ltr'>minus.</span> <span class='ocrx_word' id='word_1_74' title='bbox 594 1190 686 1256; x_wconf 91' lang='lat' dir='ltr'>vobis</span> <span class='ocrx_word' id='word_1_75' title='bbox 712 1191 773 1255; x_wconf 91' lang='lat' dir='ltr'>hoe</span> <span class='ocrx_word' id='word_1_76' title='bbox 800 1191 858 1256; x_wconf 92' lang='lat' dir='ltr'>sim</span> <span class='ocrx_word' id='word_1_77' title='bbox 881 1191 1077 1275; x_wconf 81' lang='lat' dir='ltr'>probaturus,</span> <span class='ocrx_word' id='word_1_78' title='bbox 1102 1191 1248 1274; x_wconf 90' lang='lat' dir='ltr'>equidem</span> <span class='ocrx_word' id='word_1_79' title='bbox 1270 1212 1336 1257; x_wconf 87' lang='lat' dir='ltr'>non</span> 
     </span>
     <span class='ocr_line' id='line_1_11' title="bbox 298 1293 1387 1384; baseline 0.001 -27"><span class='ocrx_word' id='word_1_80' title='bbox 298 1293 450 1358; x_wconf 82' lang='lat' dir='ltr'>dubitabo</span> <span class='ocrx_word' id='word_1_81' title='bbox 466 1293 550 1376; x_wconf 93' lang='lat' dir='ltr'>quod</span> <span class='ocrx_word' id='word_1_82' title='bbox 565 1295 667 1359; x_wconf 88' lang='lat' dir='ltr'>sentio</span> <span class='ocrx_word' id='word_1_83' title='bbox 683 1295 805 1384; x_wconf 89' lang='lat' dir='ltr'>dicere:</span> <span class='ocrx_word' id='word_1_84' title='bbox 828 1293 965 1378; x_wconf 89' lang='lat' dir='ltr'>physica</span> <span class='ocrx_word' id='word_1_85' title='bbox 986 1295 1048 1359; x_wconf 87' lang='lat' dir='ltr'>ista</span> <span class='ocrx_word' id='word_1_86' title='bbox 1068 1295 1140 1378; x_wconf 88' lang='lat' dir='ltr'>ipsa</span> <span class='ocrx_word' id='word_1_87' title='bbox 1163 1301 1195 1359; x_wconf 92' lang='lat' dir='ltr'>et</span> <span class='ocrx_word' id='word_1_88' title='bbox 1217 1295 1336 1368; x_wconf 81' lang='lat' dir='ltr'>mathe</span> <span class='ocrx_word' id='word_1_89' title='bbox 1360 1313 1387 1358; x_wconf 87' lang='lat' dir='ltr'>ro</span> 
     </span>
     <span class='ocr_line' id='line_1_12' title="bbox 297 1398 1338 1495; baseline 0.003 -35"><span class='ocrx_word' id='word_1_90' title='bbox 297 1398 412 1462; x_wconf 79' lang='lat' dir='ltr'>metica</span> <span class='ocrx_word' id='word_1_91' title='bbox 435 1404 467 1484; x_wconf 76' lang='lat' dir='ltr'>et</span> <span class='ocrx_word' id='word_1_92' title='bbox 482 1417 566 1495; x_wconf 86' lang='lat' dir='ltr'>quae·</span> <span class='ocrx_word' id='word_1_93' title='bbox 585 1399 680 1481; x_wconf 88' lang='lat' dir='ltr'>paulo</span> <span class='ocrx_word' id='word_1_94' title='bbox 703 1405 778 1464; x_wconf 88' lang='lat' dir='ltr'>ante</span> <span class='ocrx_word' id='word_1_95' title='bbox 801 1405 975 1465; x_wconf 86' lang='lat' dir='ltr'>ceterarum</span> <span class='ocrx_word' id='word_1_96' title='bbox 998 1399 1112 1462; x_wconf 85' lang='lat' dir='ltr'>artium</span> <span class='ocrx_word' id='word_1_97' title='bbox 1134 1398 1263 1482; x_wconf 89' lang='lat' dir='ltr'>propria</span> <span class='ocrx_word' id='word_1_98' title='bbox 1284 1420 1338 1483; x_wconf 92' lang='lat' dir='ltr'>po-</span> 
     </span>
     <span class='ocr_line' id='line_1_13' title="bbox 298 1477 1338 1587; baseline 0 -21"><span class='ocrx_word' id='word_1_99' title='bbox 298 1501 387 1566; x_wconf 83' lang='lat' dir='ltr'>suisti</span> <span class='ocrx_word' id='word_1_100' title='bbox 411 1477 562 1566; x_wconf 80' lang='lat' dir='ltr'>sdiehtiae</span> <span class='ocrx_word' id='word_1_101' title='bbox 586 1509 659 1566; x_wconf 91' lang='lat' dir='ltr'>sunt</span> <span class='ocrx_word' id='word_1_102' title='bbox 681 1521 788 1566; x_wconf 84' lang='lat' dir='ltr'>eorum</span> <span class='ocrx_word' id='word_1_103' title='bbox 808 1503 861 1583; x_wconf 93' lang='lat' dir='ltr'>qui</span> <span class='ocrx_word' id='word_1_104' title='bbox 876 1501 930 1566; x_wconf 89' lang='lat' dir='ltr'>illa</span> <span class='ocrx_word' id='word_1_105' title='bbox 943 1501 1145 1587; x_wconf 80' lang='lat' dir='ltr'>profitentnr3</span> <span class='ocrx_word' id='word_1_106' title='bbox 1168 1502 1338 1567; x_wconf 88' lang='lat' dir='ltr'>inlustrare</span> 
     </span>
     <span class='ocr_line' id='line_1_14' title="bbox 297 1605 1338 1689; baseline 0.003 -21"><span class='ocrx_word' id='word_1_107' title='bbox 297 1612 403 1669; x_wconf 93' lang='lat' dir='ltr'>autem</span> <span class='ocrx_word' id='word_1_108' title='bbox 430 1606 573 1670; x_wconf 88' lang='lat' dir='ltr'>oratione</span> <span class='ocrx_word' id='word_1_109' title='bbox 600 1606 627 1670; x_wconf 89' lang='lat' dir='ltr'>si</span> <span class='ocrx_word' id='word_1_110' title='bbox 655 1605 724 1686; x_wconf 87' lang='lat' dir='ltr'>quis</span> <span class='ocrx_word' id='word_1_111' title='bbox 751 1605 829 1670; x_wconf 90' lang='lat' dir='ltr'>istas</span> <span class='ocrx_word' id='word_1_112' title='bbox 855 1606 941 1689; x_wconf 87' lang='lat' dir='ltr'>ipsas</span> <span class='ocrx_word' id='word_1_113' title='bbox 965 1606 1041 1670; x_wconf 89' lang='lat' dir='ltr'>artis</span> <span class='ocrx_word' id='word_1_114' title='bbox 1063 1606 1150 1687; x_wconf 84' lang='lat' dir='ltr'>velit,</span> <span class='ocrx_word' id='word_1_115' title='bbox 1173 1605 1215 1670; x_wconf 89' lang='lat' dir='ltr'>ad</span> <span class='ocrx_word' id='word_1_116' title='bbox 1238 1615 1338 1671; x_wconf 89' lang='lat' dir='ltr'>orato-</span> 
     </span>
    </p>

    <p class='ocr_par' dir='ltr' id='par_1_4' title="bbox 245 1706 1338 1792">
     <span class='ocr_line' id='line_1_15' title="bbox 245 1706 1338 1792; baseline 0.002 -20"><span class='ocrx_word' id='word_1_117' title='bbox 245 1717 278 1764; x_wconf 80' lang='lat'>62</span> <span class='ocrx_word' id='word_1_118' title='bbox 297 1708 340 1773; x_wconf 91' lang='lat' dir='ltr'>ris</span> <span class='ocrx_word' id='word_1_119' title='bbox 363 1707 393 1773; x_wconf 93' lang='lat' dir='ltr'>ei</span> <span class='ocrx_word' id='word_1_120' title='bbox 416 1706 662 1792; x_wconf 83' lang='lat' dir='ltr'>confugiendum</span> <span class='ocrx_word' id='word_1_121' title='bbox 686 1715 734 1774; x_wconf 86' lang='lat' dir='ltr'>est</span> <span class='ocrx_word' id='word_1_122' title='bbox 754 1707 947 1773; x_wconf 86' lang='lat' dir='ltr'>facultatem.</span> <span class='ocrx_word' id='word_1_123' title='bbox 971 1728 1075 1791; x_wconf 86' lang='lat' dir='ltr'>neque</span> <span class='ocrx_word' id='word_1_124' title='bbox 1098 1709 1193 1789; x_wconf 90' lang='lat' dir='ltr'>enim,</span> <span class='ocrx_word' id='word_1_125' title='bbox 1217 1710 1243 1774; x_wconf 92' lang='lat' dir='ltr'>si</span> <span class='ocrx_word' id='word_1_126' title='bbox 1266 1709 1338 1774; x_wconf 93' lang='lat' dir='ltr'>Phi-</span> 
     </span>
    </p>

    <p class='ocr_par' dir='ltr' id='par_1_5' title="bbox 241 1802 1392 2515">
     <span class='ocr_line' id='line_1_16' title="bbox 241 1802 1389 1894; baseline -0.001 -19"><span class='ocrx_word' id='word_1_127' title='bbox 241 1802 247 1811; x_wconf 76' lang='grc'><em>’</em></span> <span class='ocrx_word' id='word_1_128' title='bbox 296 1812 401 1876; x_wconf 86' lang='lat' dir='ltr'>lenem</span> <span class='ocrx_word' id='word_1_129' title='bbox 427 1812 514 1876; x_wconf 92' lang='lat' dir='ltr'>illum</span> <span class='ocrx_word' id='word_1_130' title='bbox 543 1811 749 1876; x_wconf 79' lang='lat' dir='ltr'>architectum</span> <span class='ocrx_word' id='word_1_131' title='bbox 778 1813 831 1894; x_wconf 94' lang='lat' dir='ltr'>qui</span> <span class='ocrx_word' id='word_1_132' title='bbox 854 1811 1102 1878; x_wconf 81' lang='lat' dir='ltr'>Atheniensibus</span> <span class='ocrx_word' id='word_1_133' title='bbox 1127 1820 1337 1877; x_wconf 85' lang='lat' dir='ltr'>armamenta·</span> <span class='ocrx_word' id='word_1_134' title='bbox 1359 1829 1389 1874; x_wconf 83' lang='lat'>15</span> 
     </span>
     <span class='ocr_line' id='line_1_17' title="bbox 296 1914 1336 2014; baseline 0.001 -36"><span class='ocrx_word' id='word_1_135' title='bbox 296 1915 376 1980; x_wconf 91' lang='lat' dir='ltr'>rium</span> <span class='ocrx_word' id='word_1_136' title='bbox 399 1914 476 1980; x_wconf 85' lang='lat' dir='ltr'>fecit</span> <span class='ocrx_word' id='word_1_137' title='bbox 499 1922 623 1981; x_wconf 91' lang='lat' dir='ltr'>constat</span> <span class='ocrx_word' id='word_1_138' title='bbox 645 1915 819 2000; x_wconf 86' lang='lat' dir='ltr'>perdiserte</span> <span class='ocrx_word' id='word_1_139' title='bbox 841 1917 958 2014; x_wconf 86' lang='lat' dir='ltr'>populo</span> <span class='ocrx_word' id='word_1_140' title='bbox 981 1917 1135 1981; x_wconf 91' lang='lat' dir='ltr'>rationem</span> <span class='ocrx_word' id='word_1_141' title='bbox 1158 1917 1263 2000; x_wconf 85' lang='lat' dir='ltr'>operis</span> <span class='ocrx_word' id='word_1_142' title='bbox 1287 1919 1336 1981; x_wconf 88' lang='lat' dir='ltr'>sui</span> 
     </span>
     <span class='ocr_line' id='line_1_18' title="bbox 296 2018 1336 2102; baseline 0.001 -20"><span class='ocrx_word' id='word_1_143' title='bbox 296 2018 485 2099; x_wconf 87' lang='lat' dir='ltr'>reddidisse,</span> <span class='ocrx_word' id='word_1_144' title='bbox 517 2018 764 2084; x_wconf 85' lang='lat' dir='ltr'>existimandum</span> <span class='ocrx_word' id='word_1_145' title='bbox 795 2027 844 2084; x_wconf 90' lang='lat' dir='ltr'>est</span> <span class='ocrx_word' id='word_1_146' title='bbox 872 2019 1037 2084; x_wconf 83' lang='lat' dir='ltr'>architecti</span> <span class='ocrx_word' id='word_1_147' title='bbox 1066 2019 1170 2102; x_wconf 83' lang='lat' dir='ltr'>potius</span> <span class='ocrx_word' id='word_1_148' title='bbox 1200 2018 1336 2084; x_wconf 85' lang='lat' dir='ltr'>artificio</span> 
     </span>
     <span class='ocr_line' id='line_1_19' title="bbox 297 2121 1339 2202; baseline 0.004 -18"><span class='ocrx_word' id='word_1_149' title='bbox 297 2121 448 2186; x_wconf 88' lang='lat' dir='ltr'>disertum</span> <span class='ocrx_word' id='word_1_150' title='bbox 472 2141 567 2202; x_wconf 91' lang='lat' dir='ltr'>quam</span> <span class='ocrx_word' id='word_1_151' title='bbox 590 2122 721 2187; x_wconf 88' lang='lat' dir='ltr'>oratoris</span> <span class='ocrx_word' id='word_1_152' title='bbox 747 2122 854 2187; x_wconf 84' lang='lat' dir='ltr'>fuisse.</span> <span class='ocrx_word' id='word_1_153' title='bbox 901 2142 969 2201; x_wconf 89' lang='lat' dir='ltr'>nec,</span> <span class='ocrx_word' id='word_1_154' title='bbox 994 2122 1020 2185; x_wconf 92' lang='lat' dir='ltr'>si</span> <span class='ocrx_word' id='word_1_155' title='bbox 1043 2121 1116 2185; x_wconf 91' lang='lat' dir='ltr'>huic</span> <span class='ocrx_word' id='word_1_156' title='bbox 1138 2123 1179 2185; x_wconf 89' lang='lat' dir='ltr'>M.</span> <span class='ocrx_word' id='word_1_157' title='bbox 1196 2123 1339 2189; x_wconf 87' lang='lat' dir='ltr'>Antonio</span> 
     </span>
     <span class='ocr_line' id='line_1_20' title="bbox 296 2211 1337 2307; baseline 0.002 -19"><span class='ocrx_word' id='word_1_158' title='bbox 296 2245 352 2307; x_wconf 90' lang='lat' dir='ltr'>pro</span> <span class='ocrx_word' id='word_1_159' title='bbox 383 2211 578 2289; x_wconf 79' lang='lat' dir='ltr'>Hermodoro</span> <span class='ocrx_word' id='word_1_160' title='bbox 612 2225 724 2290; x_wconf 87' lang='lat' dir='ltr'>fuisset</span> <span class='ocrx_word' id='word_1_161' title='bbox 758 2225 797 2290; x_wconf 90' lang='lat' dir='ltr'>de</span> <span class='ocrx_word' id='word_1_162' title='bbox 830 2225 992 2289; x_wconf 87' lang='lat' dir='ltr'>navalium</span> <span class='ocrx_word' id='word_1_163' title='bbox 1025 2242 1120 2305; x_wconf 88' lang='lat' dir='ltr'>opere</span> <span class='ocrx_word' id='word_1_164' title='bbox 1153 2222 1337 2306; x_wconf 92' lang='lat' dir='ltr'>dicendum,</span> 
     </span>
     <span class='ocr_line' id='line_1_21' title="bbox 295 2325 1392 2408; baseline 0 -17"><span class='ocrx_word' id='word_1_165' title='bbox 295 2335 369 2406; x_wconf 87' lang='lat' dir='ltr'>no&#39;n,</span> <span class='ocrx_word' id='word_1_166' title='bbox 386 2347 457 2391; x_wconf 93' lang='lat' dir='ltr'>cum</span> <span class='ocrx_word' id='word_1_167' title='bbox 480 2327 521 2392; x_wconf 89' lang='lat' dir='ltr'>ab</span> <span class='ocrx_word' id='word_1_168' title='bbox 544 2328 598 2393; x_wconf 90' lang='lat' dir='ltr'>illo</span> <span class='ocrx_word' id='word_1_169' title='bbox 622 2347 749 2392; x_wconf 88' lang='lat' dir='ltr'>cansam</span> <span class='ocrx_word' id='word_1_170' title='bbox 772 2326 943 2406; x_wconf 85' lang='lat' dir='ltr'>didicisset,</span> <span class='ocrx_word' id='word_1_171' title='bbox 960 2326 1028 2408; x_wconf 94' lang='lat' dir='ltr'>ipse</span> <span class='ocrx_word' id='word_1_172' title='bbox 1051 2331 1160 2390; x_wconf 87' lang='lat' dir='ltr'>ornate</span> <span class='ocrx_word' id='word_1_173' title='bbox 1176 2325 1216 2390; x_wconf 91' lang='lat' dir='ltr'>de</span> <span class='ocrx_word' id='word_1_174' title='bbox 1232 2327 1338 2408; x_wconf 84' lang='lat' dir='ltr'>alieno</span> <span class='ocrx_word' id='word_1_175' title='bbox 1359 2345 1392 2392; x_wconf 79' lang='lat' dir='ltr'>ao</span> 
     </span>
     <span class='ocr_line' id='line_1_22' title="bbox 294 2428 1337 2515; baseline 0.004 -22"><span class='ocrx_word' id='word_1_176' title='bbox 294 2429 427 2494; x_wconf 83' lang='lat' dir='ltr'>artificio</span> <span class='ocrx_word' id='word_1_177' title='bbox 450 2432 638 2515; x_wconf 90' lang='lat' dir='ltr'>copioseque</span> <span class='ocrx_word' id='word_1_178' title='bbox 661 2429 804 2494; x_wconf 82' lang='lat' dir='ltr'>dixisset.</span> <span class='ocrx_word' id='word_1_179' title='bbox 839 2447 944 2509; x_wconf 92' lang='lat' dir='ltr'>neque</span> <span class='ocrx_word' id='word_1_180' title='bbox 967 2448 1042 2493; x_wconf 86' lang='lat' dir='ltr'>vero</span> <span class='ocrx_word' id='word_1_181' title='bbox 1064 2428 1282 2512; x_wconf 82' lang='lat' dir='ltr'>Asclepiades,</span> <span class='ocrx_word' id='word_1_182' title='bbox 1307 2433 1337 2498; x_wconf 89' lang='lat' dir='ltr'>is</span> 
     </span>
    </p>

    <p class='ocr_par' dir='ltr' id='par_1_6' title="bbox 194 2529 1337 2721">
     <span class='ocr_line' id='line_1_23' title="bbox 194 2529 1337 2619; baseline 0 -21"><span class='ocrx_word' id='word_1_183' title='bbox 194 2597 197 2606; x_wconf 87' lang='grc'>,</span> <span class='ocrx_word' id='word_1_184' title='bbox 295 2555 356 2616; x_wconf 91' lang='lat' dir='ltr'>qno</span> <span class='ocrx_word' id='word_1_185' title='bbox 386 2553 445 2598; x_wconf 92' lang='lat' dir='ltr'>nos</span> <span class='ocrx_word' id='word_1_186' title='bbox 474 2534 597 2599; x_wconf 89' lang='lat' dir='ltr'>medico</span> <span class='ocrx_word' id='word_1_187' title='bbox 627 2533 792 2614; x_wconf 89' lang='lat' dir='ltr'>amicoque</span> <span class='ocrx_word' id='word_1_188' title='bbox 825 2531 874 2596; x_wconf 92' lang='lat' dir='ltr'>usi</span> <span class='ocrx_word' id='word_1_189' title='bbox 904 2551 1011 2597; x_wconf 87' lang='lat' dir='ltr'>sumus</span> <span class='ocrx_word' id='word_1_190' title='bbox 1042 2529 1119 2619; x_wconf 82' lang='lat' dir='ltr'>[tum</span> <span class='ocrx_word' id='word_1_191' title='bbox 1149 2533 1337 2614; x_wconf 85' lang='lat' dir='ltr'>eloquentia</span> 
     </span>
     <span class='ocr_line' id='line_1_24' title="bbox 294 2633 1336 2721; baseline 0.001 -20"><span class='ocrx_word' id='word_1_192' title='bbox 294 2638 445 2702; x_wconf 83' lang='lat' dir='ltr'>uincebat</span> <span class='ocrx_word' id='word_1_193' title='bbox 467 2643 587 2702; x_wconf 89' lang='lat' dir='ltr'>ceteros</span> <span class='ocrx_word' id='word_1_194' title='bbox 610 2633 771 2721; x_wconf 76' lang='lat' dir='ltr'>medicosl,</span> <span class='ocrx_word' id='word_1_195' title='bbox 795 2635 828 2699; x_wconf 92' lang='lat' dir='ltr'>in</span> <span class='ocrx_word' id='word_1_196' title='bbox 852 2654 889 2699; x_wconf 89' lang='lat' dir='ltr'>eo</span> <span class='ocrx_word' id='word_1_197' title='bbox 915 2635 984 2718; x_wconf 90' lang='lat' dir='ltr'>ipso</span> <span class='ocrx_word' id='word_1_198' title='bbox 1011 2635 1096 2717; x_wconf 92' lang='lat' dir='ltr'>quod</span> <span class='ocrx_word' id='word_1_199' title='bbox 1118 2643 1228 2703; x_wconf 87' lang='lat' dir='ltr'>ornate</span> <span class='ocrx_word' id='word_1_200' title='bbox 1250 2635 1336 2702; x_wconf 91' lang='lat' dir='ltr'>dice-</span> 
     </span>
    </p>

    <p class='ocr_par' dir='ltr' id='par_1_7' title="bbox 242 2738 1393 3340">
     <span class='ocr_line' id='line_1_25' title="bbox 242 2738 1336 2822; baseline -0.001 -16"><span class='ocrx_word' id='word_1_201' title='bbox 242 2750 275 2797; x_wconf 85' lang='grc'>63</span> <span class='ocrx_word' id='word_1_202' title='bbox 294 2743 349 2806; x_wconf 91' lang='lat' dir='ltr'>hat</span> <span class='ocrx_word' id='word_1_203' title='bbox 372 2739 549 2804; x_wconf 85' lang='lat' dir='ltr'>medicinae</span> <span class='ocrx_word' id='word_1_204' title='bbox 572 2739 723 2802; x_wconf 83' lang='lat' dir='ltr'>facultate</span> <span class='ocrx_word' id='word_1_205' title='bbox 745 2738 900 2819; x_wconf 90' lang='lat' dir='ltr'>utebatur,</span> <span class='ocrx_word' id='word_1_206' title='bbox 917 2759 980 2803; x_wconf 90' lang='lat' dir='ltr'>non</span> <span class='ocrx_word' id='word_1_207' title='bbox 1003 2739 1211 2822; x_wconf 89' lang='lat' dir='ltr'>eloquentiae.</span> <span class='ocrx_word' id='word_1_208' title='bbox 1235 2745 1336 2822; x_wconf 86' lang='lat' dir='ltr'>atque</span> 
     </span>
     <span class='ocr_line' id='line_1_26' title="bbox 293 2841 1393 2926; baseline 0.003 -19"><span class='ocrx_word' id='word_1_209' title='bbox 293 2843 371 2908; x_wconf 92' lang='lat' dir='ltr'>illud</span> <span class='ocrx_word' id='word_1_210' title='bbox 394 2849 442 2908; x_wconf 88' lang='lat' dir='ltr'>est</span> <span class='ocrx_word' id='word_1_211' title='bbox 464 2841 660 2926; x_wconf 88' lang='lat' dir='ltr'>probabilius</span> <span class='ocrx_word' id='word_1_212' title='bbox 682 2860 785 2923; x_wconf 90' lang='lat' dir='ltr'>neque</span> <span class='ocrx_word' id='word_1_213' title='bbox 808 2848 915 2907; x_wconf 86' lang='lat' dir='ltr'>tamen</span> <span class='ocrx_word' id='word_1_214' title='bbox 938 2862 1058 2924; x_wconf 89' lang='lat' dir='ltr'>verum,</span> <span class='ocrx_word' id='word_1_215' title='bbox 1078 2843 1163 2924; x_wconf 92' lang='lat' dir='ltr'>quod</span> <span class='ocrx_word' id='word_1_216' title='bbox 1185 2844 1333 2909; x_wconf 86' lang='lat' dir='ltr'>Socrates</span> <span class='ocrx_word' id='word_1_217' title='bbox 1356 2863 1393 2910; x_wconf 77' lang='lat'>25</span> 
     </span>
     <span class='ocr_line' id='line_1_27' title="bbox 294 2943 1336 3029; baseline 0.002 -19"><span class='ocrx_word' id='word_1_218' title='bbox 294 2947 400 3012; x_wconf 92' lang='lat' dir='ltr'>dicere</span> <span class='ocrx_word' id='word_1_219' title='bbox 422 2947 559 3011; x_wconf 86' lang='lat' dir='ltr'>solebat:</span> <span class='ocrx_word' id='word_1_220' title='bbox 590 2944 693 3010; x_wconf 89' lang='lat' dir='ltr'>omnis</span> <span class='ocrx_word' id='word_1_221' title='bbox 714 2943 748 3008; x_wconf 92' lang='lat' dir='ltr'>in</span> <span class='ocrx_word' id='word_1_222' title='bbox 772 2964 809 3010; x_wconf 89' lang='lat' dir='ltr'>eo</span> <span class='ocrx_word' id='word_1_223' title='bbox 831 2945 915 3029; x_wconf 87' lang='lat' dir='ltr'>quod</span> <span class='ocrx_word' id='word_1_224' title='bbox 938 2946 1054 3011; x_wconf 88' lang='lat' dir='ltr'>scirent</span> <span class='ocrx_word' id='word_1_225' title='bbox 1077 2948 1154 3012; x_wconf 89' lang='lat' dir='ltr'>satis</span> <span class='ocrx_word' id='word_1_226' title='bbox 1177 2965 1248 3011; x_wconf 92' lang='lat' dir='ltr'>essc</span> <span class='ocrx_word' id='word_1_227' title='bbox 1271 2948 1336 3012; x_wconf 85' lang='lat' dir='ltr'>elo-</span> 
     </span>
     <span class='ocr_line' id='line_1_28' title="bbox 294 3047 1333 3134; baseline -0.001 -18"><span class='ocrx_word' id='word_1_228' title='bbox 294 3050 437 3134; x_wconf 81' lang='lat' dir='ltr'>quentis3</span> <span class='ocrx_word' id='word_1_229' title='bbox 467 3048 544 3113; x_wconf 91' lang='lat' dir='ltr'>illud</span> <span class='ocrx_word' id='word_1_230' title='bbox 567 3047 690 3113; x_wconf 88' lang='lat' dir='ltr'>verius:</span> <span class='ocrx_word' id='word_1_231' title='bbox 719 3057 823 3130; x_wconf 89' lang='lat' dir='ltr'>neque</span> <span class='ocrx_word' id='word_1_232' title='bbox 846 3068 1036 3132; x_wconf 91' lang='lat' dir='ltr'>quemquam</span> <span class='ocrx_word' id='word_1_233' title='bbox 1061 3049 1094 3113; x_wconf 92' lang='lat' dir='ltr'>in</span> <span class='ocrx_word' id='word_1_234' title='bbox 1119 3069 1156 3114; x_wconf 91' lang='lat' dir='ltr'>eo</span> <span class='ocrx_word' id='word_1_235' title='bbox 1179 3048 1333 3115; x_wconf 91' lang='lat' dir='ltr'>disertum</span> 
     </span>
     <span class='ocr_line' id='line_1_29' title="bbox 294 3151 1336 3238; baseline -0.001 -19"><span class='ocrx_word' id='word_1_236' title='bbox 294 3173 365 3219; x_wconf 89' lang='lat' dir='ltr'>esse</span> <span class='ocrx_word' id='word_1_237' title='bbox 388 3173 481 3238; x_wconf 89' lang='lat' dir='ltr'>posse</span> <span class='ocrx_word' id='word_1_238' title='bbox 505 3151 589 3234; x_wconf 88' lang='lat' dir='ltr'>quod</span> <span class='ocrx_word' id='word_1_239' title='bbox 611 3151 743 3238; x_wconf 83' lang='lat' dir='ltr'>neseiat,</span> <span class='ocrx_word' id='word_1_240' title='bbox 768 3171 880 3234; x_wconf 90' lang='lat' dir='ltr'>neque,</span> <span class='ocrx_word' id='word_1_241' title='bbox 896 3152 923 3217; x_wconf 91' lang='lat' dir='ltr'>si</span> <span class='ocrx_word' id='word_1_242' title='bbox 946 3153 1064 3236; x_wconf 89' lang='lat' dir='ltr'>optime</span> <span class='ocrx_word' id='word_1_243' title='bbox 1087 3153 1167 3217; x_wconf 89' lang='lat' dir='ltr'>sciat</span> <span class='ocrx_word' id='word_1_244' title='bbox 1188 3153 1336 3236; x_wconf 82' lang='lat' dir='ltr'>ignarus-</span> 
     </span>
     <span class='ocr_line' id='line_1_30' title="bbox 294 3254 1334 3340; baseline -0.001 -19"><span class='ocrx_word' id='word_1_245' title='bbox 294 3276 355 3340; x_wconf 91' lang='lat' dir='ltr'>que</span> <span class='ocrx_word' id='word_1_246' title='bbox 379 3258 419 3323; x_wconf 88' lang='lat' dir='ltr'>sit</span> <span class='ocrx_word' id='word_1_247' title='bbox 441 3254 610 3322; x_wconf 86' lang='lat' dir='ltr'>faciundae</span> <span class='ocrx_word' id='word_1_248' title='bbox 633 3274 671 3319; x_wconf 90' lang='lat' dir='ltr'>ac</span> <span class='ocrx_word' id='word_1_249' title='bbox 690 3255 857 3339; x_wconf 88' lang='lat' dir='ltr'>pohendae</span> <span class='ocrx_word' id='word_1_250' title='bbox 872 3256 1031 3336; x_wconf 89' lang='lat' dir='ltr'>orationis,</span> <span class='ocrx_word' id='word_1_251' title='bbox 1048 3254 1164 3320; x_wconf 86' lang='lat' dir='ltr'>diserte</span> <span class='ocrx_word' id='word_1_252' title='bbox 1179 3255 1212 3319; x_wconf 94' lang='lat' dir='ltr'>id</span> <span class='ocrx_word' id='word_1_253' title='bbox 1228 3256 1334 3340; x_wconf 91' lang='lat' dir='ltr'>ipsum</span> 
     </span>
    </p>

    <p class='ocr_par' dir='ltr' id='par_1_8' title="bbox 240 3339 1397 3858">
     <span class='ocr_line' id='line_1_31' title="bbox 240 3339 1397 3460; baseline 0.002 -35"><span class='ocrx_word' id='word_1_254' title='bbox 240 3339 275 3460; x_wconf 53' lang='lat' dir='ltr'>dl</span> <span class='ocrx_word' id='word_1_255' title='bbox 294 3360 334 3427; x_wconf 88' lang='lat' dir='ltr'>de</span> <span class='ocrx_word' id='word_1_256' title='bbox 358 3381 419 3444; x_wconf 90' lang='lat' dir='ltr'>quo</span> <span class='ocrx_word' id='word_1_257' title='bbox 442 3361 523 3426; x_wconf 88' lang='lat' dir='ltr'>sciat</span> <span class='ocrx_word' id='word_1_258' title='bbox 543 3379 638 3443; x_wconf 89' lang='lat' dir='ltr'>posse</span> <span class='ocrx_word' id='word_1_259' title='bbox 660 3358 774 3424; x_wconf 88' lang='lat' dir='ltr'>dicere.</span> <span class='ocrx_word' id='word_1_260' title='bbox 807 3379 901 3440; x_wconf 88' lang='lat' dir='ltr'>quam</span> <span class='ocrx_word' id='word_1_261' title='bbox 925 3360 964 3424; x_wconf 92' lang='lat' dir='ltr'>ob</span> <span class='ocrx_word' id='word_1_262' title='bbox 988 3379 1064 3439; x_wconf 93' lang='lat' dir='ltr'>rem,</span> <span class='ocrx_word' id='word_1_263' title='bbox 1081 3359 1108 3423; x_wconf 91' lang='lat' dir='ltr'>si</span> <span class='ocrx_word' id='word_1_264' title='bbox 1124 3359 1194 3440; x_wconf 89' lang='lat' dir='ltr'>quis</span> <span class='ocrx_word' id='word_1_265' title='bbox 1209 3359 1334 3424; x_wconf 90' lang='lat' dir='ltr'>univer·</span> <span class='ocrx_word' id='word_1_266' title='bbox 1356 3379 1397 3428; x_wconf 88' lang='lat'>30</span> 
     </span>
     <span class='ocr_line' id='line_1_32' title="bbox 293 3461 1336 3549; baseline -0.004 -19"><span class='ocrx_word' id='word_1_267' title='bbox 293 3485 361 3530; x_wconf 88' lang='lat' dir='ltr'>sam</span> <span class='ocrx_word' id='word_1_268' title='bbox 385 3471 417 3530; x_wconf 91' lang='lat' dir='ltr'>et</span> <span class='ocrx_word' id='word_1_269' title='bbox 438 3462 598 3549; x_wconf 87' lang='lat' dir='ltr'>propriam</span> <span class='ocrx_word' id='word_1_270' title='bbox 621 3463 752 3528; x_wconf 87' lang='lat' dir='ltr'>oratoris</span> <span class='ocrx_word' id='word_1_271' title='bbox 774 3463 839 3527; x_wconf 81' lang='lat' dir='ltr'>vim</span> <span class='ocrx_word' id='word_1_272' title='bbox 862 3461 994 3526; x_wconf 86' lang='lat' dir='ltr'>definire</span> <span class='ocrx_word' id='word_1_273' title='bbox 1010 3461 1238 3545; x_wconf 85' lang='lat' dir='ltr'>complectique</span> <span class='ocrx_word' id='word_1_274' title='bbox 1254 3463 1336 3543; x_wconf 84' lang='lat' dir='ltr'>volt,</span> 
     </span>
     <span class='ocr_line' id='line_1_33' title="bbox 292 3564 1336 3648; baseline -0.001 -17"><span class='ocrx_word' id='word_1_275' title='bbox 292 3569 319 3633; x_wconf 87' lang='lat' dir='ltr'>is</span> <span class='ocrx_word' id='word_1_276' title='bbox 342 3573 446 3633; x_wconf 86' lang='lat' dir='ltr'>oratur</span> <span class='ocrx_word' id='word_1_277' title='bbox 468 3567 528 3631; x_wconf 90' lang='lat' dir='ltr'>erit</span> <span class='ocrx_word' id='word_1_278' title='bbox 548 3587 621 3632; x_wconf 91' lang='lat' dir='ltr'>mea</span> <span class='ocrx_word' id='word_1_279' title='bbox 643 3566 801 3633; x_wconf 86' lang='lat' dir='ltr'>sententia</span> <span class='ocrx_word' id='word_1_280' title='bbox 828 3564 890 3630; x_wconf 88' lang='lat' dir='ltr'>hoc</span> <span class='ocrx_word' id='word_1_281' title='bbox 919 3571 983 3630; x_wconf 86' lang='lat' dir='ltr'>tam</span> <span class='ocrx_word' id='word_1_282' title='bbox 1013 3565 1103 3648; x_wconf 85' lang='lat' dir='ltr'>gravi</span> <span class='ocrx_word' id='word_1_283' title='bbox 1134 3564 1250 3648; x_wconf 80' lang='lat' dir='ltr'>dignus</span> <span class='ocrx_word' id='word_1_284' title='bbox 1281 3586 1336 3630; x_wconf 90' lang='lat' dir='ltr'>no-</span> 
     </span>
     <span class='ocr_line' id='line_1_34' title="bbox 292 3666 1333 3754; baseline -0.003 -19"><span class='ocrx_word' id='word_1_285' title='bbox 292 3671 387 3752; x_wconf 89' lang='lat' dir='ltr'>mine,</span> <span class='ocrx_word' id='word_1_286' title='bbox 411 3670 475 3753; x_wconf 94' lang='lat' dir='ltr'>qui,</span> <span class='ocrx_word' id='word_1_287' title='bbox 504 3691 721 3754; x_wconf 89' lang='lat' dir='ltr'>quaecumque</span> <span class='ocrx_word' id='word_1_288' title='bbox 751 3689 803 3735; x_wconf 88' lang='lat' dir='ltr'>res</span> <span class='ocrx_word' id='word_1_289' title='bbox 832 3667 978 3733; x_wconf 88' lang='lat' dir='ltr'>inciderit</span> <span class='ocrx_word' id='word_1_290' title='bbox 1009 3687 1090 3750; x_wconf 84' lang='lat' dir='ltr'>quae</span> <span class='ocrx_word' id='word_1_291' title='bbox 1120 3667 1161 3732; x_wconf 88' lang='lat' dir='ltr'>sit</span> <span class='ocrx_word' id='word_1_292' title='bbox 1191 3666 1333 3732; x_wconf 88' lang='lat' dir='ltr'>dictione</span> 
     </span>
     <span class='ocr_line' id='line_1_35' title="bbox 292 3771 1336 3858; baseline -0.005 -19"><span class='ocrx_word' id='word_1_293' title='bbox 292 3772 494 3858; x_wconf 87' lang='lat' dir='ltr'>explicanda,</span> <span class='ocrx_word' id='word_1_294' title='bbox 510 3774 680 3858; x_wconf 90' lang='lat' dir='ltr'>prudenter</span> <span class='ocrx_word' id='word_1_295' title='bbox 696 3781 728 3840; x_wconf 91' lang='lat' dir='ltr'>et</span> <span class='ocrx_word' id='word_1_296' title='bbox 744 3771 916 3856; x_wconf 85' lang='lat' dir='ltr'>composite</span> <span class='ocrx_word' id='word_1_297' title='bbox 932 3777 964 3836; x_wconf 89' lang='lat' dir='ltr'>et</span> <span class='ocrx_word' id='word_1_298' title='bbox 978 3775 1088 3835; x_wconf 89' lang='lat' dir='ltr'>ornate</span> <span class='ocrx_word' id='word_1_299' title='bbox 1102 3776 1134 3834; x_wconf 91' lang='lat' dir='ltr'>et</span> <span class='ocrx_word' id='word_1_300' title='bbox 1149 3771 1336 3836; x_wconf 88' lang='lat' dir='ltr'>memoriter·</span> 
     </span>
    </p>
   </div>
   <div class='ocr_carea' id='block_1_3' title="bbox 0 0 1438 4110">
    <p class='ocr_par' dir='ltr' id='par_1_9' title="bbox 0 0 1438 4110">
     <span class='ocr_line' id='line_1_36' title="bbox 0 0 1438 4110; baseline 0 3"><span class='ocrx_word' id='word_1_301' title='bbox 0 0 1438 4110; x_wconf 95' lang='lat' dir='ltr'> </span> 
     </span>
    </p>
   </div>
  </div>
 </body>
</html>
