2834 4110
293 205 409 259 marne
429 203 464 258 n.
494 205 574 260 cnr.
592 209 704 262 sa-ss.
733 207 912 270 ern-145.
1057 189 1116 252 107

83 379 263 446 videaturne
288 378 338 468 [is]
363 379 416 462 qui
438 379 503 444 filio
525 387 647 446 mortuo
669 378 833 444 institutus
856 378 948 444 heres
972 379 1013 444 sit
1027 377 1119 443 heres

83 503 163 548 esse:
186 484 334 569 perpetui
355 483 431 548 iuris
455 491 486 548 et
507 484 648 549 universi
671 483 798 567 generis
822 483 964 565 quaestio
987 503 1051 547 non
1066 481 1119 546 ho-

81 588 196 653 minum
217 589 360 668 nomina,
385 587 442 653 sed
464 588 618 653 rationem
648 586 776 653 dicendi
803 593 834 651 et
861 593 1119 670 argumentorum

81 691 173 758 fontis
205 692 376 758 desiderat.
422 693 455 756 in
486 713 546 774 quo
579 691 674 757 etiarn
704 692 757 756 isti
786 711 845 756 nos
879 691 955 756 iuris
986 690 1119 756 consulti
1139 665 1187 788 ,3432

53 794 252 879 simpediunt
275 817 296 859 a
319 794 533 877 discendoque
556 795 725 860 deterrent.
773 794 867 859 video
897 794 1039 860 enimin
1063 795 1119 860 Ca·

80 900 159 965 tonis
182 906 214 966 et
236 901 270 964 in
293 888 384 963 Bruti
406 899 494 964 libris
515 900 702 964 nominatim
725 898 792 963 fere
808 899 918 964 referri
935 898 1011 982 quid
1026 899 1119 963 alicui

82 1001 118 1068 de
140 1004 207 1070 iure
230 1005 299 1068 viro
323 1010 378 1068 aut
401 1004 523 1068 mulieri
552 1003 771 1087 responderit;
804 1003 908 1083 credo,
935 1009 970 1067 ut
997 1009 1119 1088 putare-

81 1127 147 1172 mus
169 1109 202 1172 in
225 1108 418 1188 hominibus,
441 1129 504 1173 non
531 1108 563 1171 in
587 1128 621 1172 re
650 1108 889 1174 consultationis
917 1113 972 1172 aut
999 1107 1120 1173 dubita-

16 1221 18 1228 ’
82 1211 171 1278 tionis
194 1233 326 1278 causam
349 1211 487 1294 aliquam
510 1212 625 1278 fuisse:
650 1219 694 1293 ut,
719 1210 804 1294 quod
819 1212 963 1277 homines
978 1213 1120 1277 innume-

42 1327 67 1372 10
82 1315 194 1383 nabiles
218 1322 336 1396 essent,
361 1316 515 1381 debilitati
538 1337 669 1381 munere
689 1316 909 1400 cognoscendo
924 1317 1120 1381 voluntatem

84 1419 223 1487 discendi
245 1421 340 1487 simul
363 1441 434 1486 cum
457 1441 514 1505 spe
536 1420 739 1505 perdiscendi
762 1421 968 1485 abiceremus.
1187 1463 1197 1515 l
1245 1479 1287 1508 μ

182 1525 248 1592 Sed
270 1526 352 1590 haec
375 1525 507 1590 Crassus
530 1523 703 1607 aliquando
725 1525 818 1590 nobis
842 1524 991 1608 expediet
1014 1531 1045 1589 et
1068 1545 1121 1590 ex·
1207 1524 1210 1528 ’

84 1637 175 1710 ponet
205 1630 359 1714 discripta
388 1629 572 1713 generatim.
619 1636 667 1694 est
690 1629 789 1710 enim,
813 1649 854 1694 ne
877 1628 957 1694 forte
987 1629 1121 1709 nescias,

84 1730 146 1798 heri
168 1735 261 1800 nobis
283 1735 337 1798 ille
359 1733 429 1818 hoc,
453 1735 574 1817 Catule,
597 1733 764 1819 pollicitus,
788 1753 823 1799 se
846 1734 895 1798 ius
911 1732 1014 1812 civile,
1038 1732 1121 1813 quod

46 1843 69 1890 15
85 1855 163 1903 nnnc
197 1838 349 1904 diffusum
384 1845 415 1903 et
449 1838 637 1924 dissipatum
671 1843 771 1918 esset,
810 1838 842 1901 in
881 1843 967 1902 certa
1004 1855 1122 1918 genera

86 1949 262 2008 coactnnum
285 1948 316 2006 et
338 1941 381 2006 ad
395 1949 496 2008 artem
511 1942 639 2008 facilem
654 1938 879 2007 redacturum'
923 1935 966 2005 ‘et
982 1934 1121 2022 quidem'
1142 1948 1191 1997 143

84 2042 182 2128 inquit
204 2046 337 2112 Catulus
359 2040 616 2130 ‘haudquaquam
639 2046 673 2110 id
696 2053 743 2112 est
766 2045 896 2110 difficile
920 2045 1043 2123 Crasse,
1067 2045 1121 2127 qui

85 2154 113 2210 ct
134 2149 218 2232 quod
240 2148 322 2214 disci
343 2150 445 2233 potuit
467 2150 508 2216 de
531 2151 599 2216 iure
623 2150 733 2216 didicit
756 2157 788 2215 et
811 2148 896 2233 quod
918 2150 957 2214 iis
974 2147 1027 2230 qui
1051 2168 1122 2212 eum

85 2249 253 2320 docuerunt
277 2252 377 2318 defuit
399 2255 467 2338 ipse
489 2254 623 2336 adferet,
655 2262 690 2319 ut
718 2275 798 2338 quae
831 2255 895 2319 sint
924 2255 957 2318 in
980 2254 1047 2318 iure
1070 2254 1122 2317 vel

44 2360 69 2407 20
84 2365 154 2439 apte
177 2358 349 2423 discribere
372 2359 424 2422 vel
446 2368 556 2425 ornate
580 2359 749 2424 inlustrare
772 2358 892 2443 possit'
937 2352 1023 2443 ‘ergo
1050 2353 1122 2423 ista'

85 2459 182 2544 inquit
203 2461 361 2526 Antonius
384 2455 461 2526 ‘tum
485 2485 505 2528 a
521 2465 635 2530 Crasso
650 2462 819 2544 discemus,
836 2484 908 2529 cum
924 2484 958 2529 se
974 2464 1013 2528 de
1030 2464 1122 2527 turba

86 2570 113 2627 et
134 2587 154 2630 a
176 2567 334 2632 subselliis
356 2566 390 2630 in
413 2568 520 2650 otium,
544 2574 579 2632 ut
595 2567 722 2650 cogitat,
740 2567 915 2651 soliumque
936 2561 1123 2632 contulerit.>

85 2659 154 2734 ‘iam
176 2669 211 2734 id
234 2668 362 2754 quidem
385 2667 492 2755 saepe'
515 2671 618 2752 inquit
641 2670 771 2735 Catulus
794 2664 847 2736 ‘ex
864 2693 902 2737 eo
917 2670 1036 2752 audivi,
1053 2689 1123 2734 curn
1144 2674 1193 2722 144

86 2770 200 2840 diceret
223 2775 284 2840 sibi
308 2780 428 2839 certum
452 2795 522 2840 esse
554 2773 721 2838 aiudiciis
745 2775 912 2859 causisque
942 2774 1122 2856 discedere3

44 2887 70 2935 ‘rs
86 2877 148 2958 sed,
171 2885 207 2943 ut
230 2879 292 2963 ipsi
315 2879 400 2944 soleo
424 2877 539 2958 dicere,
564 2898 628 2942 non
650 2878 768 2944 licebit.
816 2899 920 2962 neque
936 2879 1021 2943 enim
1036 2877 1124 2942 auxi-

86 2978 157 3046 linm
181 3003 272 3048 suurn
296 3002 390 3066 saepe
413 3003 433 3047 a
455 2983 532 3046 viris
555 2983 647 3046 bonis
670 2982 787 3047 frustra
801 2983 964 3067 implorari
985 2983 1123 3066 patietur

87 3105 185 3169 neque
201 3086 235 3150 id
250 3106 352 3169 aequo
368 3087 474 3151 animo
489 3085 571 3152 feret
587 3085 708 3167 civitas,
726 3107 806 3169 quae
823 3087 850 3151 si
872 3107 950 3152 voce
966 3087 1001 3151 L.
1020 3083 1124 3150 Crassi

89 3191 213 3272 carebit,
237 3197 422 3256 ornamento
449 3189 587 3271 quodam
615 3209 648 3254 se
675 3191 843 3273 spoliatam
866 3185 1013 3273 putabit.³
1040 3183 1125 3252 ‘nam

89 3289 201 3360 bercle'
234 3293 338 3376 inquit
370 3293 528 3358 Antonius
563 3287 599 3358 csi
633 3293 713 3358 haec
743 3314 818 3358 vere
849 3314 869 3358 a
899 3291 1011 3356 Catulo
1040 3290 1126 3354 dicta

49 3405 74 3456 30
89 3405 171 3480 sunt,
201 3398 261 3464 tibi
295 3419 418 3463 mecum
456 3398 490 3461 in
525 3396 636 3464 eodem
668 3405 715 3462 est
746 3397 891 3482 pistrino,
924 3396 1051 3473 Crasse,
1082 3391 1126 3453 vi-

90 3502 240 3587 vendum3
272 3509 304 3567 et
330 3503 423 3568 istam
453 3501 640 3566 oscitantem
673 3499 715 3589 [et
746 3494 979 3580 dormitantem]
1004 3494 1126 3578 sapien-

91 3606 162 3670 tiam
192 3607 416 3674 Scaevolarum
449 3612 481 3670 et
516 3612 690 3671 ceterorum
720 3608 885 3671 beatorum
920 3600 982 3666 otio
1017 3616 1126 3665 conce-

91 3706 218 3777 damus'
268 3709 379 3776 adrisit
400 3709 453 3774 hic
488 3711 620 3775 Crassus
654 3709 767 3776 leniter
797 3719 828 3772 et
850 3698 993 3787 ‘perterre
1023 3695 1197 3765 modo'1ts

91 3815 189 3899 inquit
203 3811 343 3897 ‘Antoni
360 3813 445 3898 quod
465 3833 596 3879 exorsus
620 3834 662 3878 es.
702 3833 753 3877 me
776 3817 881 3875 tamen
905 3806 966 3873 ista
989 3805 1127 3872 oscitans
