<?xml version="1.0" encoding="UTF-8"?>
<!DOCTYPE html PUBLIC "-//W3C//DTD XHTML 1.0 Transitional//EN"
    "http://www.w3.org/TR/xhtml1/DTD/xhtml1-transitional.dtd">
<html xmlns="http://www.w3.org/1999/xhtml" xml:lang="en" lang="en">
 <head>
  <title>
</title>
<meta http-equiv="Content-Type" content="text/html;charset=utf-8" />
  <meta name='ocr-system' content='tesseract 3.04.00' />
  <meta name='ocr-capabilities' content='ocr_page ocr_carea ocr_par ocr_line ocrx_word'/>
</head>
<body>
  <div class='ocr_page' id='page_1' title='image "./mtulliciceronis21cicegoog_0236.png"; bbox 0 0 2836 4114; ppageno 0'>
   <div class='ocr_carea' id='block_1_1' title="bbox 311 202 1138 297">
    <p class='ocr_par' dir='ltr' id='par_1_1' title="bbox 311 202 1138 297">
     <span class='ocr_line' id='line_1_1' title="bbox 311 202 1138 297; baseline 0.004 -17"><span class='ocrx_word' id='word_1_1' title='bbox 311 227 424 281; x_wconf 77' lang='lat' dir='ltr'><strong>omns</strong></span> <span class='ocrx_word' id='word_1_2' title='bbox 440 202 493 284; x_wconf 80' lang='lat'>111.</span> <span class='ocrx_word' id='word_1_3' title='bbox 512 227 594 283; x_wconf 82' lang='lat' dir='ltr'><strong>cnr.</strong></span> <span class='ocrx_word' id='word_1_4' title='bbox 611 231 723 284; x_wconf 86' lang='lat'><strong>49-50.</strong></span> <span class='ocrx_word' id='word_1_5' title='bbox 754 229 770 297; x_wconf 69' lang='lat' dir='ltr'><strong>e</strong></span> <span class='ocrx_word' id='word_1_6' title='bbox 790 231 934 285; x_wconf 83' lang='lat' dir='ltr'><strong>roo-194.</strong></span> <span class='ocrx_word' id='word_1_7' title='bbox 1077 210 1138 274; x_wconf 77' lang='lat'><strong>221</strong></span> 
     </span>
    </p>
   </div>
   <div class='ocr_carea' id='block_1_2' title="bbox 22 388 1208 1733">
    <p class='ocr_par' dir='ltr' id='par_1_2' title="bbox 22 388 1208 695">
     <span class='ocr_line' id='line_1_2' title="bbox 22 388 1140 487; baseline 0.002 -23"><span class='ocrx_word' id='word_1_8' title='bbox 22 393 23 464; x_wconf 71' lang='grc' dir='ltr'>Ϊ</span> <span class='ocrx_word' id='word_1_9' title='bbox 108 403 190 468; x_wconf 92' lang='lat' dir='ltr'><strong>tione</strong></span> <span class='ocrx_word' id='word_1_10' title='bbox 213 388 391 483; x_wconf 84' lang='lat' dir='ltr'><strong>verborum,</strong></span> <span class='ocrx_word' id='word_1_11' title='bbox 415 400 473 467; x_wconf 94' lang='lat' dir='ltr'><strong>sed</strong></span> <span class='ocrx_word' id='word_1_12' title='bbox 496 422 591 487; x_wconf 89' lang='lat' dir='ltr'><strong>saepe</strong></span> <span class='ocrx_word' id='word_1_13' title='bbox 614 400 773 487; x_wconf 85' lang='lat' dir='ltr'><strong>carpenda</strong></span> <span class='ocrx_word' id='word_1_14' title='bbox 794 403 944 469; x_wconf 88' lang='lat' dir='ltr'><strong>membris</strong></span> <span class='ocrx_word' id='word_1_15' title='bbox 971 403 1140 470; x_wconf 89' lang='lat' dir='ltr'><strong>minutiori-</strong></span> 
     </span>
     <span class='ocr_line' id='line_1_3' title="bbox 22 506 1141 606; baseline 0.001 -35"><span class='ocrx_word' id='word_1_16' title='bbox 22 543 23 606; x_wconf 56' lang='lat'><strong>,</strong></span> <span class='ocrx_word' id='word_1_17' title='bbox 109 507 165 572; x_wconf 92' lang='lat' dir='ltr'><strong>bus</strong></span> <span class='ocrx_word' id='word_1_18' title='bbox 188 506 287 573; x_wconf 89' lang='lat' dir='ltr'><strong>oratio</strong></span> <span class='ocrx_word' id='word_1_19' title='bbox 311 512 368 587; x_wconf 92' lang='lat' dir='ltr'><strong>est,</strong></span> <span class='ocrx_word' id='word_1_20' title='bbox 392 526 474 589; x_wconf 89' lang='lat' dir='ltr'><strong>quae</strong></span> <span class='ocrx_word' id='word_1_21' title='bbox 495 512 603 572; x_wconf 82' lang='lat' dir='ltr'><strong>tamen</strong></span> <span class='ocrx_word' id='word_1_22' title='bbox 630 507 700 591; x_wconf 87' lang='lat' dir='ltr'><strong>ipsa</strong></span> <span class='ocrx_word' id='word_1_23' title='bbox 729 507 872 572; x_wconf 86' lang='lat' dir='ltr'><strong>membra</strong></span> <span class='ocrx_word' id='word_1_24' title='bbox 900 512 973 573; x_wconf 90' lang='lat' dir='ltr'><strong>sunt</strong></span> <span class='ocrx_word' id='word_1_25' title='bbox 1002 507 1141 572; x_wconf 85' lang='lat' dir='ltr'><strong>numeris</strong></span> 
     </span>
     <span class='ocr_line' id='line_1_4' title="bbox 109 608 1208 695; baseline -0.006 -21"><span class='ocrx_word' id='word_1_26' title='bbox 109 609 286 676; x_wconf 87' lang='lat' dir='ltr'><strong>vincienda.</strong></span> <span class='ocrx_word' id='word_1_27' title='bbox 332 630 436 692; x_wconf 88' lang='lat' dir='ltr'><strong>neque</strong></span> <span class='ocrx_word' id='word_1_28' title='bbox 458 629 515 676; x_wconf 86' lang='lat' dir='ltr'><strong>vos</strong></span> <span class='ocrx_word' id='word_1_29' title='bbox 538 630 642 695; x_wconf 91' lang='lat' dir='ltr'><strong>paean</strong></span> <span class='ocrx_word' id='word_1_30' title='bbox 664 615 719 674; x_wconf 91' lang='lat' dir='ltr'><strong>aut</strong></span> <span class='ocrx_word' id='word_1_31' title='bbox 741 608 856 676; x_wconf 90' lang='lat' dir='ltr'><strong>herous</strong></span> <span class='ocrx_word' id='word_1_32' title='bbox 885 611 938 676; x_wconf 91' lang='lat' dir='ltr'><strong>ille</strong></span> <span class='ocrx_word' id='word_1_33' title='bbox 961 611 1140 676; x_wconf 90' lang='lat' dir='ltr'><strong>conturbet:</strong></span> <span class='ocrx_word' id='word_1_34' title='bbox 1161 620 1208 669; x_wconf 85' lang='lat' dir='ltr'><strong>rer</strong></span> 
     </span>
    </p>

    <p class='ocr_par' dir='ltr' id='par_1_3' title="bbox 81 708 1142 1003">
     <span class='ocr_line' id='line_1_5' title="bbox 109 708 1141 798; baseline 0.002 -22"><span class='ocrx_word' id='word_1_35' title='bbox 109 713 166 798; x_wconf 91' lang='lat' dir='ltr'><strong>ipsi</strong></span> <span class='ocrx_word' id='word_1_36' title='bbox 188 719 356 780; x_wconf 88' lang='lat' dir='ltr'><strong>occurrent</strong></span> <span class='ocrx_word' id='word_1_37' title='bbox 378 713 527 798; x_wconf 86' lang='lat' dir='ltr'><strong>orationi;</strong></span> <span class='ocrx_word' id='word_1_38' title='bbox 550 713 622 798; x_wconf 90' lang='lat' dir='ltr'><strong>ipsi,</strong></span> <span class='ocrx_word' id='word_1_39' title='bbox 645 713 785 796; x_wconf 89' lang='lat' dir='ltr'><strong>inquam,</strong></span> <span class='ocrx_word' id='word_1_40' title='bbox 817 733 851 779; x_wconf 92' lang='lat' dir='ltr'><strong>se</strong></span> <span class='ocrx_word' id='word_1_41' title='bbox 874 714 1006 779; x_wconf 90' lang='lat' dir='ltr'><strong>offerent</strong></span> <span class='ocrx_word' id='word_1_42' title='bbox 1036 719 1068 778; x_wconf 90' lang='lat' dir='ltr'><strong>et</strong></span> <span class='ocrx_word' id='word_1_43' title='bbox 1096 708 1141 778; x_wconf 90' lang='lat' dir='ltr'><strong>re-</strong></span> 
     </span>
     <span class='ocr_line' id='line_1_6' title="bbox 81 816 1142 902; baseline 0.006 -25"><span class='ocrx_word' id='word_1_44' title='bbox 81 816 310 902; x_wconf 76' lang='lat' dir='ltr'><strong>sspondebunt</strong></span> <span class='ocrx_word' id='word_1_45' title='bbox 332 838 395 882; x_wconf 91' lang='lat' dir='ltr'><strong>non</strong></span> <span class='ocrx_word' id='word_1_46' title='bbox 417 818 531 885; x_wconf 83' lang='lat' dir='ltr'><strong>vocati.</strong></span> <span class='ocrx_word' id='word_1_47' title='bbox 578 816 771 883; x_wconf 90' lang='lat' dir='ltr'><strong>consuetudo</strong></span> <span class='ocrx_word' id='word_1_48' title='bbox 801 817 893 882; x_wconf 90' lang='lat' dir='ltr'><strong>modo</strong></span> <span class='ocrx_word' id='word_1_49' title='bbox 923 817 978 882; x_wconf 87' lang='lat' dir='ltr'><strong>illa</strong></span> <span class='ocrx_word' id='word_1_50' title='bbox 1007 817 1048 883; x_wconf 89' lang='lat' dir='ltr'><strong>sit</strong></span> <span class='ocrx_word' id='word_1_51' title='bbox 1070 817 1142 883; x_wconf 88' lang='lat' dir='ltr'><strong>scri·</strong></span> 
     </span>
     <span class='ocr_line' id='line_1_7' title="bbox 108 919 1142 1003; baseline 0 -17"><span class='ocrx_word' id='word_1_52' title='bbox 108 920 202 986; x_wconf 89' lang='lat' dir='ltr'><strong>bendi</strong></span> <span class='ocrx_word' id='word_1_53' title='bbox 225 927 322 1003; x_wconf 90' lang='lat' dir='ltr'><strong>atque</strong></span> <span class='ocrx_word' id='word_1_54' title='bbox 345 919 481 1002; x_wconf 89' lang='lat' dir='ltr'><strong>dicendi,</strong></span> <span class='ocrx_word' id='word_1_55' title='bbox 496 927 531 986; x_wconf 92' lang='lat' dir='ltr'><strong>ut</strong></span> <span class='ocrx_word' id='word_1_56' title='bbox 546 921 724 987; x_wconf 86' lang='lat' dir='ltr'><strong>sententiae</strong></span> <span class='ocrx_word' id='word_1_57' title='bbox 739 922 845 987; x_wconf 87' lang='lat' dir='ltr'><strong>verbis</strong></span> <span class='ocrx_word' id='word_1_58' title='bbox 860 921 1009 987; x_wconf 89' lang='lat' dir='ltr'><strong>finiantur</strong></span> <span class='ocrx_word' id='word_1_59' title='bbox 1024 941 1142 988; x_wconf 89' lang='lat' dir='ltr'><strong>eorum·</strong></span> 
     </span>
    </p>

    <p class='ocr_par' dir='ltr' id='par_1_4' title="bbox 109 1025 1145 1315">
     <span class='ocr_line' id='line_1_8' title="bbox 111 1025 1143 1111; baseline 0.001 -21"><span class='ocrx_word' id='word_1_60' title='bbox 111 1044 169 1107; x_wconf 89' lang='lat' dir='ltr'><strong>que</strong></span> <span class='ocrx_word' id='word_1_61' title='bbox 199 1025 368 1090; x_wconf 87' lang='lat' dir='ltr'><strong>verborum</strong></span> <span class='ocrx_word' id='word_1_62' title='bbox 397 1025 515 1091; x_wconf 91' lang='lat' dir='ltr'><strong>iunctio</strong></span> <span class='ocrx_word' id='word_1_63' title='bbox 542 1030 690 1091; x_wconf 84' lang='lat' dir='ltr'><strong>nascatur</strong></span> <span class='ocrx_word' id='word_1_64' title='bbox 719 1047 740 1090; x_wconf 94' lang='lat' dir='ltr'><strong>a</strong></span> <span class='ocrx_word' id='word_1_65' title='bbox 771 1026 909 1111; x_wconf 80' lang='lat' dir='ltr'>proceris</span> <span class='ocrx_word' id='word_1_66' title='bbox 936 1026 1074 1092; x_wconf 88' lang='lat' dir='ltr'><strong>numeris</strong></span> <span class='ocrx_word' id='word_1_67' title='bbox 1105 1045 1143 1091; x_wconf 86' lang='lat' dir='ltr'><strong>ac</strong></span> 
     </span>
     <span class='ocr_line' id='line_1_9' title="bbox 109 1128 1143 1215; baseline 0.003 -24"><span class='ocrx_word' id='word_1_68' title='bbox 109 1128 224 1210; x_wconf 89' lang='lat' dir='ltr'><strong>liberis,</strong></span> <span class='ocrx_word' id='word_1_69' title='bbox 248 1128 387 1193; x_wconf 84' lang='lat' dir='ltr'>maxime</span> <span class='ocrx_word' id='word_1_70' title='bbox 410 1128 505 1194; x_wconf 88' lang='lat' dir='ltr'><strong>heroo</strong></span> <span class='ocrx_word' id='word_1_71' title='bbox 527 1136 582 1195; x_wconf 92' lang='lat' dir='ltr'><strong>aut</strong></span> <span class='ocrx_word' id='word_1_72' title='bbox 604 1149 727 1214; x_wconf 88' lang='lat' dir='ltr'><strong>paeane</strong></span> <span class='ocrx_word' id='word_1_73' title='bbox 749 1131 853 1215; x_wconf 90' lang='lat' dir='ltr'><strong>priore</strong></span> <span class='ocrx_word' id='word_1_74' title='bbox 874 1137 930 1196; x_wconf 89' lang='lat' dir='ltr'><strong>aut</strong></span> <span class='ocrx_word' id='word_1_75' title='bbox 945 1129 1070 1212; x_wconf 89' lang='lat' dir='ltr'><strong>cretico,</strong></span> <span class='ocrx_word' id='word_1_76' title='bbox 1086 1129 1143 1196; x_wconf 92' lang='lat' dir='ltr'><strong>sed</strong></span> 
     </span>
     <span class='ocr_line' id='line_1_10' title="bbox 110 1231 1145 1315; baseline 0.004 -21"><span class='ocrx_word' id='word_1_77' title='bbox 110 1232 193 1297; x_wconf 86' lang='lat' dir='ltr'><strong>varic</strong></span> <span class='ocrx_word' id='word_1_78' title='bbox 218 1231 429 1315; x_wconf 77' lang='lat' dir='ltr'><strong>distincteque</strong></span> <span class='ocrx_word' id='word_1_79' title='bbox 452 1232 603 1298; x_wconf 82' lang='lat' dir='ltr'><strong>considat.</strong></span> <span class='ocrx_word' id='word_1_80' title='bbox 649 1239 775 1300; x_wconf 91' lang='lat' dir='ltr'><strong>notatur</strong></span> <span class='ocrx_word' id='word_1_81' title='bbox 798 1235 883 1300; x_wconf 91' lang='lat' dir='ltr'><strong>enim</strong></span> <span class='ocrx_word' id='word_1_82' title='bbox 898 1234 1038 1299; x_wconf 85' lang='lat' dir='ltr'><strong>maxime</strong></span> <span class='ocrx_word' id='word_1_83' title='bbox 1060 1233 1145 1299; x_wconf 91' lang='lat' dir='ltr'><strong>simi·</strong></span> 
     </span>
    </p>

    <p class='ocr_par' dir='ltr' id='par_1_5' title="bbox 68 1335 1143 1526">
     <span class='ocr_line' id='line_1_11' title="bbox 68 1335 1142 1424; baseline 0.006 -29"><span class='ocrx_word' id='word_1_84' title='bbox 68 1348 94 1396; x_wconf 89' lang='lat'><strong>10</strong></span> <span class='ocrx_word' id='word_1_85' title='bbox 110 1336 206 1402; x_wconf 91' lang='lat' dir='ltr'><strong>litudo</strong></span> <span class='ocrx_word' id='word_1_86' title='bbox 228 1335 263 1401; x_wconf 90' lang='lat' dir='ltr'><strong>in</strong></span> <span class='ocrx_word' id='word_1_87' title='bbox 286 1335 548 1418; x_wconf 76' lang='lat' dir='ltr'><strong>conquiescendo.</strong></span> <span class='ocrx_word' id='word_1_88' title='bbox 598 1343 638 1418; x_wconf 90' lang='lat' dir='ltr'><strong>et,</strong></span> <span class='ocrx_word' id='word_1_89' title='bbox 662 1337 689 1402; x_wconf 95' lang='lat' dir='ltr'><strong>si</strong></span> <span class='ocrx_word' id='word_1_90' title='bbox 718 1337 811 1421; x_wconf 88' lang='lat' dir='ltr'><strong>primi</strong></span> <span class='ocrx_word' id='word_1_91' title='bbox 834 1344 866 1403; x_wconf 90' lang='lat' dir='ltr'><strong>et</strong></span> <span class='ocrx_word' id='word_1_92' title='bbox 895 1337 1045 1422; x_wconf 89' lang='lat' dir='ltr'><strong>postremi</strong></span> <span class='ocrx_word' id='word_1_93' title='bbox 1076 1335 1142 1424; x_wconf 74' lang='lat' dir='ltr'><strong>[illi]</strong></span> 
     </span>
     <span class='ocr_line' id='line_1_12' title="bbox 111 1439 1143 1526; baseline 0.001 -21"><span class='ocrx_word' id='word_1_94' title='bbox 111 1439 206 1524; x_wconf 91' lang='lat' dir='ltr'><strong>pedes</strong></span> <span class='ocrx_word' id='word_1_95' title='bbox 240 1445 314 1524; x_wconf 86' lang='lat' dir='ltr'><strong>sunt</strong></span> <span class='ocrx_word' id='word_1_96' title='bbox 349 1440 410 1504; x_wconf 92' lang='lat' dir='ltr'><strong>hac</strong></span> <span class='ocrx_word' id='word_1_97' title='bbox 438 1441 560 1506; x_wconf 90' lang='lat' dir='ltr'><strong>ratione</strong></span> <span class='ocrx_word' id='word_1_98' title='bbox 590 1440 717 1522; x_wconf 89' lang='lat' dir='ltr'><strong>servati,</strong></span> <span class='ocrx_word' id='word_1_99' title='bbox 747 1441 844 1507; x_wconf 90' lang='lat' dir='ltr'><strong>medii</strong></span> <span class='ocrx_word' id='word_1_100' title='bbox 875 1447 1007 1526; x_wconf 89' lang='lat' dir='ltr'><strong>possunt</strong></span> <span class='ocrx_word' id='word_1_101' title='bbox 1036 1441 1143 1522; x_wconf 90' lang='lat' dir='ltr'><strong>latere,</strong></span> 
     </span>
    </p>

    <p class='ocr_par' dir='ltr' id='par_1_6' title="bbox 22 1483 1146 1786">
     <span class='ocr_line' id='line_1_13' title="bbox 22 1483 1145 1629; baseline 0.003 -22"><span class='ocrx_word' id='word_1_102' title='bbox 22 1483 25 1616; x_wconf 52' lang='lat' dir='ltr'><strong>i</strong></span> <span class='ocrx_word' id='word_1_103' title='bbox 111 1543 201 1610; x_wconf 90' lang='lat' dir='ltr'><strong>modo</strong></span> <span class='ocrx_word' id='word_1_104' title='bbox 224 1563 266 1608; x_wconf 92' lang='lat' dir='ltr'><strong>ne</strong></span> <span class='ocrx_word' id='word_1_105' title='bbox 290 1543 437 1610; x_wconf 87' lang='lat' dir='ltr'><strong>circuitus</strong></span> <span class='ocrx_word' id='word_1_106' title='bbox 459 1544 528 1629; x_wconf 91' lang='lat' dir='ltr'><strong>ipse</strong></span> <span class='ocrx_word' id='word_1_107' title='bbox 550 1544 718 1609; x_wconf 88' lang='lat' dir='ltr'><strong>verborum</strong></span> <span class='ocrx_word' id='word_1_108' title='bbox 741 1545 781 1609; x_wconf 91' lang='lat' dir='ltr'><strong>sit</strong></span> <span class='ocrx_word' id='word_1_109' title='bbox 807 1550 862 1609; x_wconf 89' lang='lat' dir='ltr'><strong>aut</strong></span> <span class='ocrx_word' id='word_1_110' title='bbox 884 1543 1009 1610; x_wconf 81' lang='lat' dir='ltr'><strong>brevior</strong></span> <span class='ocrx_word' id='word_1_111' title='bbox 1050 1565 1145 1628; x_wconf 87' lang='lat' dir='ltr'><strong>quam</strong></span> 
     </span>
     <span class='ocr_line' id='line_1_14' title="bbox 112 1647 1146 1733; baseline 0.001 -21.92"><span class='ocrx_word' id='word_1_112' title='bbox 112 1667 202 1714; x_wconf 91' lang='lat' dir='ltr'><strong>aures</strong></span> <span class='ocrx_word' id='word_1_113' title='bbox 232 1653 406 1731; x_wconf 87' lang='lat' dir='ltr'><strong>expectent</strong></span> <span class='ocrx_word' id='word_1_114' title='bbox 436 1653 491 1713; x_wconf 87' lang='lat' dir='ltr'><strong>aut</strong></span> <span class='ocrx_word' id='word_1_115' title='bbox 520 1647 643 1733; x_wconf 80' lang='lat' dir='ltr'><strong>longior</strong></span> <span class='ocrx_word' id='word_1_116' title='bbox 671 1666 767 1729; x_wconf 88' lang='lat' dir='ltr'><strong>quam</strong></span> <span class='ocrx_word' id='word_1_117' title='bbox 796 1647 881 1713; x_wconf 85' lang='lat' dir='ltr'><strong>vires</strong></span> <span class='ocrx_word' id='word_1_118' title='bbox 909 1655 1006 1731; x_wconf 89' lang='lat' dir='ltr'><strong>atque</strong></span> <span class='ocrx_word' id='word_1_119' title='bbox 1038 1648 1146 1713; x_wconf 89' lang='lat' dir='ltr'><strong>anima</strong></span> 
     </span>
    </p>
   </div>
   <div class='ocr_carea' id='block_1_3' title="bbox 1167 1725 1204 1778">
    <p class='ocr_par' dir='ltr' id='par_1_7' title="bbox 1167 1725 1204 1778">
     <span class='ocr_line' id='line_1_15' title="bbox 1167 1725 1204 1778; baseline 0 0"><span class='ocrx_word' id='word_1_120' title='bbox 1167 1725 1204 1778; x_wconf 76' lang='lat'><strong>50</strong></span> 
     </span>
    </p>
   </div>
   <div class='ocr_carea' id='block_1_4' title="bbox 22 1749 1213 1847">
    <p class='ocr_par' dir='ltr' id='par_1_8' title="bbox 22 1749 1213 1847">
     <span class='ocr_line' id='line_1_16' title="bbox 22 1749 1213 1847; baseline 0.007 -37"><span class='ocrx_word' id='word_1_121' title='bbox 22 1807 23 1810; x_wconf 74' lang='grc'>,</span> <span class='ocrx_word' id='word_1_122' title='bbox 112 1751 254 1834; x_wconf 80' lang='lat' dir='ltr'><strong>patiebur.</strong></span> <span class='ocrx_word' id='word_1_123' title='bbox 301 1750 458 1818; x_wconf 81' lang='lat' dir='ltr'><strong>clausulas</strong></span> <span class='ocrx_word' id='word_1_124' title='bbox 495 1757 601 1817; x_wconf 88' lang='lat' dir='ltr'><strong>autem</strong></span> <span class='ocrx_word' id='word_1_125' title='bbox 631 1749 813 1835; x_wconf 82' lang='lat' dir='ltr'><strong>diligentius</strong></span> <span class='ocrx_word' id='word_1_126' title='bbox 843 1751 938 1816; x_wconf 88' lang='lat' dir='ltr'><strong>etiam</strong></span> <span class='ocrx_word' id='word_1_127' title='bbox 972 1750 1145 1817; x_wconf 88' lang='lat' dir='ltr'><strong>servandas</strong></span> <span class='ocrx_word' id='word_1_128' title='bbox 1165 1798 1213 1847; x_wconf 72' lang='lat'><strong>,92</strong></span> 
     </span>
    </p>
   </div>
   <div class='ocr_carea' id='block_1_5' title="bbox 22 1831 1234 3806">
    <p class='ocr_par' dir='ltr' id='par_1_9' title="bbox 22 1831 1144 1940">
     <span class='ocr_line' id='line_1_17' title="bbox 22 1831 1144 1940; baseline 0.006 -26"><span class='ocrx_word' id='word_1_129' title='bbox 22 1831 24 1926; x_wconf 70' lang='lat' dir='ltr'><strong>l</strong></span> <span class='ocrx_word' id='word_1_130' title='bbox 68 1865 180 1920; x_wconf 74' lang='lat' dir='ltr'><strong>ncesse</strong></span> <span class='ocrx_word' id='word_1_131' title='bbox 202 1854 338 1920; x_wconf 88' lang='lat' dir='ltr'><strong>arbitror</strong></span> <span class='ocrx_word' id='word_1_132' title='bbox 360 1874 456 1937; x_wconf 92' lang='lat' dir='ltr'><strong>quam</strong></span> <span class='ocrx_word' id='word_1_133' title='bbox 478 1855 648 1940; x_wconf 86' lang='lat' dir='ltr'><strong>superiora,</strong></span> <span class='ocrx_word' id='word_1_134' title='bbox 672 1853 756 1937; x_wconf 91' lang='lat' dir='ltr'><strong>quod</strong></span> <span class='ocrx_word' id='word_1_135' title='bbox 786 1855 820 1920; x_wconf 92' lang='lat' dir='ltr'><strong>in</strong></span> <span class='ocrx_word' id='word_1_136' title='bbox 843 1855 889 1921; x_wconf 92' lang='lat' dir='ltr'><strong>eis</strong></span> <span class='ocrx_word' id='word_1_137' title='bbox 911 1856 1051 1920; x_wconf 88' lang='lat' dir='ltr'><strong>maxime</strong></span> <span class='ocrx_word' id='word_1_138' title='bbox 1073 1875 1144 1940; x_wconf 88' lang='lat' dir='ltr'><strong>per-</strong></span> 
     </span>
    </p>

    <p class='ocr_par' dir='ltr' id='par_1_10' title="bbox 22 1935 1147 2044">
     <span class='ocr_line' id='line_1_18' title="bbox 22 1935 1147 2044; baseline 0.004 -26"><span class='ocrx_word' id='word_1_139' title='bbox 22 1935 23 2018; x_wconf 33' lang='lat' dir='ltr'><strong>i</strong></span> <span class='ocrx_word' id='word_1_140' title='bbox 113 1956 204 2024; x_wconf 82' lang='lat' dir='ltr'><strong>sectio</strong></span> <span class='ocrx_word' id='word_1_141' title='bbox 227 1965 326 2041; x_wconf 90' lang='lat' dir='ltr'><strong>atque</strong></span> <span class='ocrx_word' id='word_1_142' title='bbox 341 1957 496 2025; x_wconf 90' lang='lat' dir='ltr'><strong>absolutio</strong></span> <span class='ocrx_word' id='word_1_143' title='bbox 511 1958 675 2024; x_wconf 89' lang='lat' dir='ltr'><strong>iudicatur.</strong></span> <span class='ocrx_word' id='word_1_144' title='bbox 714 1979 788 2024; x_wconf 90' lang='lat' dir='ltr'><strong>nam</strong></span> <span class='ocrx_word' id='word_1_145' title='bbox 803 1979 913 2025; x_wconf 85' lang='lat' dir='ltr'><strong>versus</strong></span> <span class='ocrx_word' id='word_1_146' title='bbox 928 1979 1029 2042; x_wconf 86' lang='lat' dir='ltr'><strong>aeque</strong></span> <span class='ocrx_word' id='word_1_147' title='bbox 1044 1960 1147 2044; x_wconf 88' lang='lat' dir='ltr'><strong>prima</strong></span> 
     </span>
    </p>

    <p class='ocr_par' dir='ltr' id='par_1_11' title="bbox 22 2041 1145 2154">
     <span class='ocr_line' id='line_1_19' title="bbox 113 2045 1145 2146; baseline 0.002 -20.838"><span class='ocrx_word' id='word_1_148' title='bbox 113 2067 142 2126; x_wconf 91' lang='lat' dir='ltr'><strong>et</strong></span> <span class='ocrx_word' id='word_1_149' title='bbox 163 2061 272 2127; x_wconf 88' lang='lat' dir='ltr'><strong>media</strong></span> <span class='ocrx_word' id='word_1_150' title='bbox 294 2067 326 2126; x_wconf 88' lang='lat' dir='ltr'><strong>et</strong></span> <span class='ocrx_word' id='word_1_151' title='bbox 349 2068 491 2128; x_wconf 89' lang='lat' dir='ltr'><strong>extrema</strong></span> <span class='ocrx_word' id='word_1_152' title='bbox 514 2082 586 2146; x_wconf 89' lang='lat' dir='ltr'><strong>pars</strong></span> <span class='ocrx_word' id='word_1_153' title='bbox 609 2045 796 2127; x_wconf 82' lang='lat' dir='ltr'><strong>attenditur:</strong></span> <span class='ocrx_word' id='word_1_154' title='bbox 821 2063 874 2145; x_wconf 94' lang='lat' dir='ltr'><strong>qui</strong></span> <span class='ocrx_word' id='word_1_155' title='bbox 897 2062 1088 2144; x_wconf 84' lang='lat' dir='ltr'><strong>debilitatur,</strong></span> <span class='ocrx_word' id='word_1_156' title='bbox 1112 2063 1145 2128; x_wconf 94' lang='lat' dir='ltr'><strong>in</strong></span> 
     </span>
    </p>

    <p class='ocr_par' dir='ltr' id='par_1_12' title="bbox 22 2155 1234 2355">
     <span class='ocr_line' id='line_1_20' title="bbox 22 2155 1234 2250; baseline 0.002 -20"><span class='ocrx_word' id='word_1_157' title='bbox 22 2155 23 2164; x_wconf 65' lang='grc'>’</span> <span class='ocrx_word' id='word_1_158' title='bbox 114 2185 309 2250; x_wconf 88' lang='lat' dir='ltr'><strong>quacumque</strong></span> <span class='ocrx_word' id='word_1_159' title='bbox 335 2171 383 2232; x_wconf 92' lang='lat' dir='ltr'><strong>est</strong></span> <span class='ocrx_word' id='word_1_160' title='bbox 404 2171 494 2250; x_wconf 90' lang='lat' dir='ltr'><strong>parte</strong></span> <span class='ocrx_word' id='word_1_161' title='bbox 517 2165 704 2250; x_wconf 89' lang='lat' dir='ltr'><strong>titubatum;</strong></span> <span class='ocrx_word' id='word_1_162' title='bbox 727 2166 761 2231; x_wconf 92' lang='lat' dir='ltr'><strong>in</strong></span> <span class='ocrx_word' id='word_1_163' title='bbox 775 2165 916 2231; x_wconf 87' lang='lat' dir='ltr'><strong>oratione</strong></span> <span class='ocrx_word' id='word_1_164' title='bbox 931 2173 1038 2232; x_wconf 90' lang='lat' dir='ltr'><strong>autem</strong></span> <span class='ocrx_word' id='word_1_165' title='bbox 1053 2167 1146 2250; x_wconf 90' lang='lat' dir='ltr'><strong>pauci</strong></span> <span class='ocrx_word' id='word_1_166' title='bbox 1232 2180 1234 2184; x_wconf 84' lang='grc'><strong><em>·</em></strong></span> 
     </span>
     <span class='ocr_line' id='line_1_21' title="bbox 113 2269 1146 2355; baseline 0.001 -21"><span class='ocrx_word' id='word_1_167' title='bbox 113 2270 212 2354; x_wconf 87' lang='lat' dir='ltr'><strong>prima</strong></span> <span class='ocrx_word' id='word_1_168' title='bbox 235 2275 378 2350; x_wconf 85' lang='lat' dir='ltr'><strong>cernunt,</strong></span> <span class='ocrx_word' id='word_1_169' title='bbox 401 2275 561 2354; x_wconf 88' lang='lat' dir='ltr'><strong>postrema</strong></span> <span class='ocrx_word' id='word_1_170' title='bbox 582 2269 739 2353; x_wconf 86' lang='lat' dir='ltr'><strong>plerique:</strong></span> <span class='ocrx_word' id='word_1_171' title='bbox 764 2289 846 2351; x_wconf 85' lang='lat' dir='ltr'><strong>quae</strong></span> <span class='ocrx_word' id='word_1_172' title='bbox 876 2271 1024 2351; x_wconf 89' lang='lat' dir='ltr'><strong>qnoniam</strong></span> <span class='ocrx_word' id='word_1_173' title='bbox 1051 2291 1146 2355; x_wconf 88' lang='lat' dir='ltr'><strong>appa-</strong></span> 
     </span>
    </p>

    <p class='ocr_par' dir='ltr' id='par_1_13' title="bbox 22 2371 1215 2768">
     <span class='ocr_line' id='line_1_22' title="bbox 65 2371 1147 2457; baseline 0.006 -25"><span class='ocrx_word' id='word_1_174' title='bbox 65 2385 96 2434; x_wconf 80' lang='lat'><strong>20</strong></span> <span class='ocrx_word' id='word_1_175' title='bbox 112 2379 181 2439; x_wconf 88' lang='lat' dir='ltr'><strong>rent</strong></span> <span class='ocrx_word' id='word_1_176' title='bbox 204 2379 235 2438; x_wconf 93' lang='lat' dir='ltr'><strong>et</strong></span> <span class='ocrx_word' id='word_1_177' title='bbox 257 2372 491 2457; x_wconf 80' lang='lat' dir='ltr'><strong>intelleguntur,</strong></span> <span class='ocrx_word' id='word_1_178' title='bbox 522 2371 676 2438; x_wconf 85' lang='lat' dir='ltr'><strong>varianda</strong></span> <span class='ocrx_word' id='word_1_179' title='bbox 703 2379 785 2454; x_wconf 90' lang='lat' dir='ltr'><strong>sunt,</strong></span> <span class='ocrx_word' id='word_1_180' title='bbox 816 2392 857 2437; x_wconf 93' lang='lat' dir='ltr'><strong>ne</strong></span> <span class='ocrx_word' id='word_1_181' title='bbox 886 2379 942 2438; x_wconf 88' lang='lat' dir='ltr'><strong>aut</strong></span> <span class='ocrx_word' id='word_1_182' title='bbox 971 2374 1147 2441; x_wconf 87' lang='lat' dir='ltr'><strong>animorum</strong></span> 
     </span>
     <span class='ocr_line' id='line_1_23' title="bbox 112 2475 1215 2561; baseline -0.003 -21.226"><span class='ocrx_word' id='word_1_183' title='bbox 112 2475 236 2542; x_wconf 92' lang='lat' dir='ltr'><strong>iudiciis</strong></span> <span class='ocrx_word' id='word_1_184' title='bbox 262 2475 469 2561; x_wconf 89' lang='lat' dir='ltr'><strong>repudientur</strong></span> <span class='ocrx_word' id='word_1_185' title='bbox 491 2482 547 2541; x_wconf 91' lang='lat' dir='ltr'><strong>aut</strong></span> <span class='ocrx_word' id='word_1_186' title='bbox 568 2476 692 2542; x_wconf 88' lang='lat' dir='ltr'><strong>aurium</strong></span> <span class='ocrx_word' id='word_1_187' title='bbox 715 2477 868 2542; x_wconf 88' lang='lat' dir='ltr'><strong>satietate.</strong></span> <span class='ocrx_word' id='word_1_188' title='bbox 907 2476 969 2543; x_wconf 91' lang='lat' dir='ltr'><strong>duo</strong></span> <span class='ocrx_word' id='word_1_189' title='bbox 992 2478 1215 2543; x_wconf 81' lang='lat' dir='ltr'><strong>enimaut193</strong></span> 
     </span>
     <span class='ocr_line' id='line_1_24' title="bbox 22 2579 1148 2665; baseline 0.003 -21"><span class='ocrx_word' id='word_1_190' title='bbox 22 2619 23 2624; x_wconf 22' lang='grc' dir='ltr'><strong>κ</strong></span> <span class='ocrx_word' id='word_1_191' title='bbox 114 2587 175 2646; x_wconf 90' lang='lat' dir='ltr'><strong>tres</strong></span> <span class='ocrx_word' id='word_1_192' title='bbox 198 2580 265 2646; x_wconf 87' lang='lat' dir='ltr'><strong>fere</strong></span> <span class='ocrx_word' id='word_1_193' title='bbox 287 2585 363 2646; x_wconf 92' lang='lat' dir='ltr'><strong>sunt</strong></span> <span class='ocrx_word' id='word_1_194' title='bbox 378 2579 511 2645; x_wconf 85' lang='lat' dir='ltr'><strong>extremi</strong></span> <span class='ocrx_word' id='word_1_195' title='bbox 527 2579 675 2645; x_wconf 88' lang='lat' dir='ltr'><strong>servandi</strong></span> <span class='ocrx_word' id='word_1_196' title='bbox 692 2586 723 2646; x_wconf 94' lang='lat' dir='ltr'><strong>et</strong></span> <span class='ocrx_word' id='word_1_197' title='bbox 737 2579 869 2646; x_wconf 86' lang='lat' dir='ltr'><strong>notandi</strong></span> <span class='ocrx_word' id='word_1_198' title='bbox 884 2581 993 2665; x_wconf 91' lang='lat' dir='ltr'><strong>pedes,</strong></span> <span class='ocrx_word' id='word_1_199' title='bbox 1013 2580 1148 2647; x_wconf 91' lang='lat' dir='ltr'><strong>simodo</strong></span> 
     </span>
     <span class='ocr_line' id='line_1_25' title="bbox 22 2683 1148 2768; baseline -0.002 -16"><span class='ocrx_word' id='word_1_200' title='bbox 22 2749 23 2752; x_wconf 74' lang='grc'>,</span> <span class='ocrx_word' id='word_1_201' title='bbox 112 2706 174 2750; x_wconf 92' lang='lat' dir='ltr'><strong>non</strong></span> <span class='ocrx_word' id='word_1_202' title='bbox 197 2684 346 2750; x_wconf 89' lang='lat' dir='ltr'><strong>breviora</strong></span> <span class='ocrx_word' id='word_1_203' title='bbox 368 2690 400 2749; x_wconf 93' lang='lat' dir='ltr'><strong>et</strong></span> <span class='ocrx_word' id='word_1_204' title='bbox 422 2683 567 2767; x_wconf 85' lang='lat' dir='ltr'><strong>praecisa</strong></span> <span class='ocrx_word' id='word_1_205' title='bbox 590 2690 680 2749; x_wconf 90' lang='lat' dir='ltr'><strong>erunt</strong></span> <span class='ocrx_word' id='word_1_206' title='bbox 703 2684 881 2768; x_wconf 76' lang='lat' dir='ltr'><strong>superiora,</strong></span> <span class='ocrx_word' id='word_1_207' title='bbox 906 2705 984 2768; x_wconf 91' lang='lat' dir='ltr'><strong>quos</strong></span> <span class='ocrx_word' id='word_1_208' title='bbox 1002 2691 1057 2750; x_wconf 82' lang='lat' dir='ltr'><strong>aut</strong></span> <span class='ocrx_word' id='word_1_209' title='bbox 1079 2684 1148 2750; x_wconf 91' lang='lat' dir='ltr'><strong>oho-</strong></span> 
     </span>
    </p>

    <p class='ocr_par' dir='ltr' id='par_1_14' title="bbox 112 2787 1149 2873">
     <span class='ocr_line' id='line_1_26' title="bbox 112 2787 1149 2873; baseline -0.001 -20"><span class='ocrx_word' id='word_1_210' title='bbox 112 2789 174 2855; x_wconf 88' lang='lat' dir='ltr'><strong>rios</strong></span> <span class='ocrx_word' id='word_1_211' title='bbox 195 2794 251 2854; x_wconf 87' lang='lat' dir='ltr'><strong>aut</strong></span> <span class='ocrx_word' id='word_1_212' title='bbox 276 2787 394 2854; x_wconf 88' lang='lat' dir='ltr'><strong>heroos</strong></span> <span class='ocrx_word' id='word_1_213' title='bbox 415 2793 471 2852; x_wconf 89' lang='lat' dir='ltr'><strong>aut</strong></span> <span class='ocrx_word' id='word_1_214' title='bbox 492 2787 630 2853; x_wconf 88' lang='lat' dir='ltr'><strong>alternos</strong></span> <span class='ocrx_word' id='word_1_215' title='bbox 653 2807 722 2853; x_wconf 92' lang='lat' dir='ltr'><strong>esse</strong></span> <span class='ocrx_word' id='word_1_216' title='bbox 737 2789 893 2872; x_wconf 87' lang='lat' dir='ltr'><strong>oportebit</strong></span> <span class='ocrx_word' id='word_1_217' title='bbox 908 2795 962 2854; x_wconf 87' lang='lat' dir='ltr'><strong>aut</strong></span> <span class='ocrx_word' id='word_1_218' title='bbox 977 2789 1010 2853; x_wconf 95' lang='lat' dir='ltr'><strong>in</strong></span> <span class='ocrx_word' id='word_1_219' title='bbox 1026 2807 1149 2873; x_wconf 88' lang='lat' dir='ltr'><strong>paeane</strong></span> 
     </span>
    </p>

    <p class='ocr_par' dir='ltr' id='par_1_15' title="bbox 66 2891 1220 3392">
     <span class='ocr_line' id='line_1_27' title="bbox 66 2891 1149 2978; baseline 0 -22"><span class='ocrx_word' id='word_1_220' title='bbox 66 2901 96 2950; x_wconf 79' lang='lat'><strong>25</strong></span> <span class='ocrx_word' id='word_1_221' title='bbox 112 2893 164 2960; x_wconf 95' lang='lat' dir='ltr'><strong>illo</strong></span> <span class='ocrx_word' id='word_1_222' title='bbox 187 2891 373 2978; x_wconf 89' lang='lat' dir='ltr'><strong>posteriore,</strong></span> <span class='ocrx_word' id='word_1_223' title='bbox 397 2911 492 2974; x_wconf 92' lang='lat' dir='ltr'><strong>quem</strong></span> <span class='ocrx_word' id='word_1_224' title='bbox 514 2891 700 2958; x_wconf 83' lang='lat' dir='ltr'><strong>Aristoteles</strong></span> <span class='ocrx_word' id='word_1_225' title='bbox 722 2893 843 2975; x_wconf 86' lang='lat' dir='ltr'><strong>probat,</strong></span> <span class='ocrx_word' id='word_1_226' title='bbox 866 2898 921 2959; x_wconf 91' lang='lat' dir='ltr'><strong>aut</strong></span> <span class='ocrx_word' id='word_1_227' title='bbox 944 2893 973 2958; x_wconf 91' lang='lat' dir='ltr'><strong>ci</strong></span> <span class='ocrx_word' id='word_1_228' title='bbox 995 2892 1063 2978; x_wconf 88' lang='lat' dir='ltr'><strong>pari</strong></span> <span class='ocrx_word' id='word_1_229' title='bbox 1087 2911 1149 2957; x_wconf 92' lang='lat' dir='ltr'><strong>cre-</strong></span> 
     </span>
     <span class='ocr_line' id='line_1_28' title="bbox 112 2991 1215 3079; baseline -0.002 -19"><span class='ocrx_word' id='word_1_230' title='bbox 112 2996 182 3062; x_wconf 89' lang='lat' dir='ltr'><strong>tico.</strong></span> <span class='ocrx_word' id='word_1_231' title='bbox 232 2995 345 3061; x_wconf 90' lang='lat' dir='ltr'><strong>horum</strong></span> <span class='ocrx_word' id='word_1_232' title='bbox 370 2991 606 3060; x_wconf 64' lang='lat' dir='ltr'><strong>vicissitudines</strong></span> <span class='ocrx_word' id='word_1_233' title='bbox 629 2995 768 3060; x_wconf 89' lang='lat' dir='ltr'><strong>efficient</strong></span> <span class='ocrx_word' id='word_1_234' title='bbox 783 3001 818 3060; x_wconf 93' lang='lat' dir='ltr'><strong>ut</strong></span> <span class='ocrx_word' id='word_1_235' title='bbox 832 3015 936 3079; x_wconf 89' lang='lat' dir='ltr'><strong>neque</strong></span> <span class='ocrx_word' id='word_1_236' title='bbox 952 2997 981 3062; x_wconf 94' lang='lat' dir='ltr'><strong>ei</strong></span> <span class='ocrx_word' id='word_1_237' title='bbox 996 2996 1150 3063; x_wconf 87' lang='lat' dir='ltr'><strong>satientur</strong></span> <span class='ocrx_word' id='word_1_238' title='bbox 1212 3063 1215 3068; x_wconf 65' lang='grc'>,</span> 
     </span>
     <span class='ocr_line' id='line_1_29' title="bbox 113 3098 1149 3184; baseline -0.002 -18"><span class='ocrx_word' id='word_1_239' title='bbox 113 3102 166 3184; x_wconf 90' lang='lat' dir='ltr'><strong>qui</strong></span> <span class='ocrx_word' id='word_1_240' title='bbox 188 3100 320 3166; x_wconf 89' lang='lat' dir='ltr'><strong>audient</strong></span> <span class='ocrx_word' id='word_1_241' title='bbox 351 3098 480 3166; x_wconf 85' lang='lat' dir='ltr'><strong>fastidio</strong></span> <span class='ocrx_word' id='word_1_242' title='bbox 512 3098 725 3165; x_wconf 87' lang='lat' dir='ltr'><strong>similitudinis</strong></span> <span class='ocrx_word' id='word_1_243' title='bbox 758 3119 818 3165; x_wconf 93' lang='lat' dir='ltr'><strong>nec</strong></span> <span class='ocrx_word' id='word_1_244' title='bbox 844 3121 902 3166; x_wconf 92' lang='lat' dir='ltr'><strong>nos</strong></span> <span class='ocrx_word' id='word_1_245' title='bbox 931 3100 964 3165; x_wconf 89' lang='lat' dir='ltr'><strong>id</strong></span> <span class='ocrx_word' id='word_1_246' title='bbox 993 3098 1077 3183; x_wconf 91' lang='lat' dir='ltr'><strong>quod</strong></span> <span class='ocrx_word' id='word_1_247' title='bbox 1107 3099 1149 3164; x_wconf 84' lang='lat' dir='ltr'><strong>fa-</strong></span> 
     </span>
     <span class='ocr_line' id='line_1_30' title="bbox 112 3201 1220 3288; baseline -0.006 -18"><span class='ocrx_word' id='word_1_248' title='bbox 112 3206 231 3270; x_wconf 90' lang='lat' dir='ltr'><strong>ciemus</strong></span> <span class='ocrx_word' id='word_1_249' title='bbox 256 3223 357 3288; x_wconf 92' lang='lat' dir='ltr'><strong>opera</strong></span> <span class='ocrx_word' id='word_1_250' title='bbox 379 3201 489 3268; x_wconf 90' lang='lat' dir='ltr'><strong>dedita</strong></span> <span class='ocrx_word' id='word_1_251' title='bbox 510 3203 615 3268; x_wconf 86' lang='lat' dir='ltr'><strong>facere</strong></span> <span class='ocrx_word' id='word_1_252' title='bbox 636 3201 811 3268; x_wconf 85' lang='lat' dir='ltr'><strong>videamur.</strong></span> <span class='ocrx_word' id='word_1_253' title='bbox 856 3203 969 3285; x_wconf 90' lang='lat' dir='ltr'><strong>quodsi</strong></span> <span class='ocrx_word' id='word_1_254' title='bbox 983 3202 1151 3287; x_wconf 85' lang='lat' dir='ltr'><strong>Antipater</strong></span> <span class='ocrx_word' id='word_1_255' title='bbox 1170 3215 1220 3264; x_wconf 81' lang='lat'><strong>194</strong></span> 
     </span>
     <span class='ocr_line' id='line_1_31' title="bbox 112 3306 1151 3392; baseline -0.001 -20"><span class='ocrx_word' id='word_1_256' title='bbox 112 3309 164 3375; x_wconf 93' lang='lat' dir='ltr'><strong>ille</strong></span> <span class='ocrx_word' id='word_1_257' title='bbox 181 3307 343 3388; x_wconf 85' lang='lat' dir='ltr'><strong>Sidonius,</strong></span> <span class='ocrx_word' id='word_1_258' title='bbox 359 3327 454 3389; x_wconf 90' lang='lat' dir='ltr'><strong>quem</strong></span> <span class='ocrx_word' id='word_1_259' title='bbox 470 3313 504 3372; x_wconf 91' lang='lat' dir='ltr'><strong>tu</strong></span> <span class='ocrx_word' id='word_1_260' title='bbox 518 3307 624 3392; x_wconf 90' lang='lat' dir='ltr'><strong>probe,</strong></span> <span class='ocrx_word' id='word_1_261' title='bbox 641 3308 762 3390; x_wconf 79' lang='lat' dir='ltr'><strong>Catule,</strong></span> <span class='ocrx_word' id='word_1_262' title='bbox 777 3307 958 3390; x_wconf 89' lang='lat' dir='ltr'><strong>meministi,</strong></span> <span class='ocrx_word' id='word_1_263' title='bbox 979 3306 1087 3372; x_wconf 91' lang='lat' dir='ltr'><strong>solitus</strong></span> <span class='ocrx_word' id='word_1_264' title='bbox 1103 3314 1151 3372; x_wconf 90' lang='lat' dir='ltr'><strong>est</strong></span> 
     </span>
    </p>

    <p class='ocr_par' dir='ltr' id='par_1_16' title="bbox 65 3408 1151 3495">
     <span class='ocr_line' id='line_1_32' title="bbox 65 3408 1151 3495; baseline -0.005 -17"><span class='ocrx_word' id='word_1_265' title='bbox 65 3419 95 3470; x_wconf 86' lang='lat'><strong>³0</strong></span> <span class='ocrx_word' id='word_1_266' title='bbox 112 3434 224 3480; x_wconf 87' lang='lat' dir='ltr'><strong>versus</strong></span> <span class='ocrx_word' id='word_1_267' title='bbox 235 3412 440 3478; x_wconf 87' lang='lat' dir='ltr'><strong>hexametros</strong></span> <span class='ocrx_word' id='word_1_268' title='bbox 451 3411 592 3495; x_wconf 90' lang='lat' dir='ltr'><strong>aliosque</strong></span> <span class='ocrx_word' id='word_1_269' title='bbox 603 3412 699 3479; x_wconf 91' lang='lat' dir='ltr'><strong>variis</strong></span> <span class='ocrx_word' id='word_1_270' title='bbox 715 3411 816 3478; x_wconf 91' lang='lat' dir='ltr'><strong>modis</strong></span> <span class='ocrx_word' id='word_1_271' title='bbox 826 3417 922 3493; x_wconf 92' lang='lat' dir='ltr'><strong>atque</strong></span> <span class='ocrx_word' id='word_1_272' title='bbox 933 3408 1071 3476; x_wconf 91' lang='lat' dir='ltr'><strong>numeris</strong></span> <span class='ocrx_word' id='word_1_273' title='bbox 1083 3409 1151 3474; x_wconf 90' lang='lat' dir='ltr'><strong>fun-</strong></span> 
     </span>
    </p>

    <p class='ocr_par' dir='ltr' id='par_1_17' title="bbox 112 3513 1151 3806">
     <span class='ocr_line' id='line_1_33' title="bbox 112 3513 1151 3600; baseline -0.002 -19"><span class='ocrx_word' id='word_1_274' title='bbox 112 3516 188 3584; x_wconf 87' lang='lat' dir='ltr'><strong>dere</strong></span> <span class='ocrx_word' id='word_1_275' title='bbox 213 3537 254 3582; x_wconf 91' lang='lat' dir='ltr'><strong>ex</strong></span> <span class='ocrx_word' id='word_1_276' title='bbox 269 3522 411 3600; x_wconf 90' lang='lat' dir='ltr'><strong>tempore</strong></span> <span class='ocrx_word' id='word_1_277' title='bbox 427 3522 612 3599; x_wconf 88' lang='lat' dir='ltr'><strong>tantumque</strong></span> <span class='ocrx_word' id='word_1_278' title='bbox 627 3515 764 3581; x_wconf 91' lang='lat' dir='ltr'><strong>hominis</strong></span> <span class='ocrx_word' id='word_1_279' title='bbox 779 3515 936 3599; x_wconf 83' lang='lat' dir='ltr'><strong>ingeniosi</strong></span> <span class='ocrx_word' id='word_1_280' title='bbox 951 3535 988 3580; x_wconf 86' lang='lat' dir='ltr'><strong>ac</strong></span> <span class='ocrx_word' id='word_1_281' title='bbox 1003 3513 1151 3579; x_wconf 91' lang='lat' dir='ltr'><strong>memoris</strong></span> 
     </span>
     <span class='ocr_line' id='line_1_34' title="bbox 112 3617 1150 3701; baseline -0.001 -16"><span class='ocrx_word' id='word_1_282' title='bbox 112 3622 213 3687; x_wconf 84' lang='lat' dir='ltr'><strong>valuit</strong></span> <span class='ocrx_word' id='word_1_283' title='bbox 224 3619 421 3701; x_wconf 87' lang='lat' dir='ltr'><strong>exercitatio,</strong></span> <span class='ocrx_word' id='word_1_284' title='bbox 436 3624 480 3700; x_wconf 91' lang='lat' dir='ltr'><strong>ut,</strong></span> <span class='ocrx_word' id='word_1_285' title='bbox 493 3639 564 3685; x_wconf 89' lang='lat' dir='ltr'><strong>cum</strong></span> <span class='ocrx_word' id='word_1_286' title='bbox 576 3626 727 3686; x_wconf 90' lang='lat' dir='ltr'><strong>semente</strong></span> <span class='ocrx_word' id='word_1_287' title='bbox 742 3639 780 3684; x_wconf 90' lang='lat' dir='ltr'><strong>ac</strong></span> <span class='ocrx_word' id='word_1_288' title='bbox 791 3618 953 3684; x_wconf 87' lang='lat' dir='ltr'><strong>voluntate</strong></span> <span class='ocrx_word' id='word_1_289' title='bbox 966 3617 1150 3684; x_wconf 88' lang='lat' dir='ltr'><strong>coniecisset</strong></span> 
     </span>
     <span class='ocr_line' id='line_1_35' title="bbox 112 3720 1150 3806; baseline -0.003 -18"><span class='ocrx_word' id='word_1_290' title='bbox 112 3725 145 3789; x_wconf 92' lang='lat' dir='ltr'><strong>iu</strong></span> <span class='ocrx_word' id='word_1_291' title='bbox 169 3745 307 3806; x_wconf 88' lang='lat' dir='ltr'><strong>versum,</strong></span> <span class='ocrx_word' id='word_1_292' title='bbox 331 3723 430 3788; x_wconf 86' lang='lat' dir='ltr'><strong>verba</strong></span> <span class='ocrx_word' id='word_1_293' title='bbox 456 3729 670 3806; x_wconf 87' lang='lat' dir='ltr'><strong>sequerentur,</strong></span> <span class='ocrx_word' id='word_1_294' title='bbox 695 3727 811 3806; x_wconf 89' lang='lat' dir='ltr'><strong>quanto</strong></span> <span class='ocrx_word' id='word_1_295' title='bbox 834 3720 868 3785; x_wconf 94' lang='lat' dir='ltr'><strong>id</strong></span> <span class='ocrx_word' id='word_1_296' title='bbox 890 3721 1014 3788; x_wconf 84' lang='lat' dir='ltr'><strong>facilius</strong></span> <span class='ocrx_word' id='word_1_297' title='bbox 1037 3720 1070 3786; x_wconf 93' lang='lat' dir='ltr'><strong>in</strong></span> <span class='ocrx_word' id='word_1_298' title='bbox 1086 3741 1150 3785; x_wconf 87' lang='lat' dir='ltr'><strong>ora-</strong></span> 
     </span>
    </p>
   </div>
   <div class='ocr_carea' id='block_1_6' title="bbox 112 3824 1149 3911">
    <p class='ocr_par' dir='ltr' id='par_1_18' title="bbox 112 3824 1149 3911">
     <span class='ocr_line' id='line_1_36' title="bbox 112 3824 1149 3911; baseline -0.002 -19"><span class='ocrx_word' id='word_1_299' title='bbox 112 3829 210 3911; x_wconf 90' lang='lat' dir='ltr'><strong>tione,</strong></span> <span class='ocrx_word' id='word_1_300' title='bbox 224 3826 452 3893; x_wconf 89' lang='lat' dir='ltr'><strong>exercitatione</strong></span> <span class='ocrx_word' id='word_1_301' title='bbox 464 3831 495 3891; x_wconf 90' lang='lat' dir='ltr'><strong>et</strong></span> <span class='ocrx_word' id='word_1_302' title='bbox 509 3825 735 3892; x_wconf 89' lang='lat' dir='ltr'><strong>consuetudine</strong></span> <span class='ocrx_word' id='word_1_303' title='bbox 745 3824 899 3908; x_wconf 88' lang='lat' dir='ltr'><strong>adhibita,</strong></span> <span class='ocrx_word' id='word_1_304' title='bbox 909 3827 1149 3908; x_wconf 77' lang='lat' dir='ltr'><strong>consequemur!</strong></span> 
     </span>
    </p>
   </div>
   <div class='ocr_carea' id='block_1_7' title="bbox 0 0 1430 4114">
    <p class='ocr_par' dir='ltr' id='par_1_19' title="bbox 0 0 1430 4114">
     <span class='ocr_line' id='line_1_37' title="bbox 0 0 1430 4114; baseline 0 0"><span class='ocrx_word' id='word_1_305' title='bbox 0 0 1430 4114; x_wconf 95' lang='lat' dir='ltr'><strong> </strong></span> 
     </span>
    </p>
   </div>
  </div>
 </body>
</html>
