2866 4110
305 166 347 229 46
523 183 634 236 LIBER
653 183 674 235 I.
706 181 789 235 GAP.
802 185 913 236 41—42.
944 187 959 246 ἐ
979 185 1122 238 rer-190.

306 355 425 420 dictum
448 376 467 419 a
490 376 541 420 me
564 375 633 421 esse
661 356 755 439 paulo
779 355 957 437 obscurius,
986 354 1043 419 sed
1070 355 1217 439 experiar
1246 363 1279 420 et
1303 355 1347 419 di·

242 476 282 529 42
306 479 386 540 cam,
410 459 436 524 si
459 465 578 542 potero,
601 459 737 543 planius.
783 458 979 523 omniafere
1001 464 1172 539 quaesunt
1195 459 1348 525 conclusa

305 584 390 628 nunc
413 565 534 629 artibus
557 563 700 646 dispersa
724 569 755 626 et
778 561 931 645 dissipata
955 561 1115 644 quondam
1142 562 1286 626 fuerunt:
1312 571 1347 626 ut

245 654 248 658 ⁴
305 668 338 731 in
361 668 490 733 musicis
513 667 636 731 numeri
659 674 690 730 et
713 686 807 730 voces
831 673 862 730 et
884 664 986 748 modi;
1010 666 1043 728 in
1063 666 1237 749 geometria
1257 667 1347 731 linia-

306 777 413 836 menta
455 770 574 834 formae
607 770 774 842 intervalla
809 768 1064 852 magnitudines;
1102 769 1135 832 in
1173 770 1377 854 astrologiae

307 875 386 938 caeli
410 874 573 938 conversio
597 880 682 938 ortus
702 873 807 937 obitus
827 880 994 954 motusque
1010 872 1162 956 siderum;
1187 873 1219 937 in
1243 894 1346 957 gram-

307 978 431 1041 maticis
453 976 854 1060 poetarumpertreotatio,
877 975 1077 1040 historiarum
1101 976 1249 1059 cognitio,
1279 999 1347 1042 ver-

307 1083 418 1146 borum
441 1080 668 1163 interpretatio,
692 1078 919 1162 pronuntiandi
941 1078 1069 1160 quidam
1092 1099 1201 1162 sonus,
1230 1081 1264 1144 in
1285 1081 1346 1146 hac
1392 1156 1395 1162 ¹

307 1182 445 1264 denique
468 1184 538 1266 ipsa
557 1184 678 1248 ratione
698 1182 826 1248 dicendi
843 1183 1024 1266 excogitare
1040 1203 1152 1247 ornare
1176 1182 1346 1268 disponere

306 1287 488 1351 meminisse
511 1306 606 1369 agere
629 1286 791 1351 incondita
814 1285 973 1368 quondam
996 1286 1143 1351 omnibus
1170 1293 1201 1350 et
1229 1286 1394 1354 diffusam

239 1410 287 1458 188
306 1392 369 1455 late
392 1389 592 1454 videbantur.
638 1389 784 1454 adhibita
807 1397 855 1456 est
876 1390 972 1473 igitur
988 1410 1039 1454 ars
1055 1389 1212 1471 quaedam
1229 1393 1344 1456 extrin-

307 1513 398 1559 secus
422 1512 462 1556 ex
485 1493 546 1580 alio
569 1513 687 1577 genere
711 1492 858 1574 quodam,
883 1492 966 1575 quod
997 1492 1058 1557 sibi
1087 1500 1189 1557 totum
1209 1494 1344 1577 philoso-

307 1597 362 1681 phi
385 1596 564 1677 adsumunt,
589 1616 670 1679 quae
692 1617 758 1661 rem
782 1596 965 1661 dissolutam
981 1595 1199 1678 divolsamque
1219 1599 1344 1682 conglu-

308 1700 423 1764 tinaret
458 1707 489 1763 et
522 1700 644 1765 ratione
678 1699 816 1782 quadam
851 1701 1088 1784 constringeret.
1135 1702 1174 1766 sit
1205 1721 1281 1786 ergo
1311 1704 1342 1766 in

306 1803 374 1868 iure
402 1804 488 1868 civili
515 1804 588 1870 finis
615 1803 681 1870 hic:
712 1805 874 1888 legitimae
900 1810 995 1884 atque
1027 1804 1162 1868 usitatae
1189 1804 1222 1867 in
1249 1808 1344 1871 rebus
1367 1821 1398 1867 15

238 1928 287 1975 189
308 1908 472 1991 causisque
503 1909 619 1973 civium
649 1907 885 1991 aequabilitatis
913 1907 1122 1996 conservatio.
1168 1914 1235 1971 tum
1271 1917 1344 1974 sunt

307 2011 447 2077 notanda
475 2032 594 2095 genera
625 2018 655 2075 et
682 2011 725 2075 ad
754 2018 873 2076 certum
896 2030 1060 2074 numerum
1088 2011 1343 2094 paucitatemque

306 2113 495 2180 revocanda.
541 2134 643 2197 genus
665 2122 773 2178 autem
795 2113 829 2177 id
852 2120 909 2193 est,
938 2112 1021 2194 quod
1052 2109 1108 2178 sui
1128 2115 1239 2179 similis
1264 2136 1342 2181 eom-

306 2219 455 2283 munione
492 2216 640 2297 quadam,
677 2219 782 2300 specie
817 2224 922 2280 autem
957 2215 1140 2296 differentis,
1175 2217 1255 2284 duas
1289 2227 1344 2283 ant

306 2321 404 2403 pluris
428 2320 645 2402 complectitur
668 2321 775 2402 partis.
822 2326 928 2402 partes
951 2327 1058 2384 autem
1082 2325 1164 2401 sunt,
1188 2341 1270 2402 quae
1292 2341 1345 2405 ge·
1365 2338 1402 2384 ao

307 2422 436 2487 neribus
470 2423 509 2487 iis
543 2443 584 2487 ex
615 2422 729 2503 quibus
756 2431 887 2488 manant
920 2424 1130 2507 subiciuntur3
1165 2425 1343 2508 omniaque,

308 2544 389 2606 quae
413 2531 486 2590 sunt
507 2526 559 2590 vel
581 2545 735 2608 generum
758 2527 809 2590 vel
831 2527 967 2610 partium
991 2527 1127 2607 nomina,
1156 2526 1344 2594 definitioni-

307 2630 367 2693 bus
391 2648 486 2709 quam
509 2629 574 2692 vim
598 2629 739 2692 habeant
762 2637 809 2720 est
833 2631 1082 2713 exprimendum.
1122 2638 1170 2695 est
1185 2632 1270 2696 enim
1294 2632 1346 2696 de-

308 2732 407 2796 finitio
435 2753 539 2796 rerum
571 2752 678 2796 earum
707 2753 788 2814 quae
819 2740 891 2799 sunt
922 2734 990 2798 eius
1012 2734 1058 2798 rei
1081 2735 1226 2818 propriae
1250 2756 1345 2817 quam

308 2834 440 2899 definire
470 2836 614 2900 volumus
645 2835 750 2901 brevis
780 2843 812 2902 et
842 2837 1076 2920 circumscripta
1103 2836 1259 2918 quaedam
1293 2859 1347 2904 ex·
1368 2854 1407 2900 ae

239 2957 289 3004 reo
307 2938 445 3022 plicatio.
498 2937 584 3002 hisce
620 2958 678 3020 ego
712 2941 806 3004 rebus
841 2940 989 3023 exempla
1024 2933 1244 3022 adiungerem,
1284 2942 1347 3006 nisi

308 3040 394 3124 apud
418 3061 496 3121 quos
517 3041 598 3105 haec
620 3041 789 3105 haberetur
819 3043 918 3106 oratio
946 3061 1121 3126 cernerem,
1152 3064 1238 3108 nunc
1265 3065 1348 3110 com-

308 3146 428 3236 plectar
455 3143 539 3225 quod
568 3145 715 3227 proposui
744 3146 842 3210 brevi.
889 3148 916 3211 si
945 3147 1029 3211 enim
1056 3153 1110 3211 aut
1132 3146 1209 3211 mihi
1240 3147 1349 3214 facere

308 3248 441 3327 licuerit,
465 3246 549 3329 quod
577 3249 639 3312 iem
668 3245 745 3335 [diu]
771 3249 883 3333 cogito,
907 3257 962 3314 aut
996 3252 1075 3316 alius
1103 3251 1260 3335 quispiam
1291 3261 1349 3318 aut

309 3371 360 3415 me
382 3350 536 3434 impedito
559 3352 720 3434 occuparit
742 3358 797 3416 aut
820 3361 941 3418 mortuo
969 3354 1117 3434 effecerit,
1149 3361 1183 3418 ut
1210 3355 1350 3440 primum
1372 3369 1414 3416 30

309 3475 402 3520 omne
425 3456 475 3520 ius
499 3455 590 3519 civile
613 3455 644 3519 in
668 3476 787 3539 genera
811 3454 943 3540 digerat,
969 3476 1051 3538 quae
1080 3478 1239 3542 perpauca
1262 3469 1351 3540 sunt,

310 3557 426 3622 deinde
450 3577 556 3622 eorum
580 3579 733 3642 generum
758 3559 848 3640 quasi
876 3557 1032 3640 quaedam
1059 3561 1202 3625 membra
1229 3561 1352 3646 disper-

311 3661 378 3741 tiat,
409 3666 476 3723 tum
504 3661 661 3744 propriam
694 3663 844 3743 cuiusque
880 3662 945 3724 vim
976 3662 1158 3728 definitione
1190 3663 1352 3730 declaret:

311 3763 485 3848 perfectam
514 3771 615 3829 artem
645 3765 720 3830 iuris
744 3765 846 3829 civilis
869 3763 1037 3844 habebitis,
1066 3766 1168 3848 magis
1197 3788 1354 3852 magnam
