2866 4110
325 237 474 293 nrssnar.
506 238 714 296 ennon-er.
745 245 924 304 saec-aso.
1101 227 1142 290 67

100 419 166 476 tum
188 411 286 496 spatii
311 409 391 474 mihi
414 411 532 477 habere
556 413 714 494 videntur,
739 415 765 478 si
793 413 885 480 modo
913 436 952 480 ea
979 415 1082 480 facere
1111 423 1142 481 et

101 517 247 600 persequi
279 515 391 580 volent
414 535 494 598 quae
517 537 537 580 a
560 523 601 598 te,
626 519 750 599 Crasse,
774 526 944 602 praecepta
967 527 1055 604 sunt3
1088 509 1149 601 qui

101 620 177 684 mihi
208 638 312 704 prope
344 619 408 682 iam
438 619 531 684 nimis
561 619 656 686 duras
684 621 772 704 leges
801 623 964 705 imponere
993 623 1080 688 visus
1108 643 1144 688 es

101 723 173 789 huic
195 724 305 803 aetati,
330 722 387 787 sed
410 728 515 788 tamen
538 722 580 788 ad
602 724 637 788 id
652 723 736 806 quod
752 725 883 808 cupiunt
901 724 1142 810 adipiscendum

68 846 84 892 5
103 848 198 912 prope
221 826 433 892 necessarias.
479 847 554 891 nam
578 833 609 892 et
632 827 755 892 subitae
775 827 817 892 ad
832 829 1009 912 propositas
1029 850 1142 895 causas
1162 851 1213 900 257

103 931 350 1004 exercitationes
372 935 404 995 et
419 930 589 996 edentatae
611 952 650 996 ac
666 931 838 996 meditatae
862 935 1143 1000 commentationes

103 1057 139 1100 ac
161 1036 253 1100 stilus
276 1035 332 1098 ille
355 1040 438 1115 tuus,
463 1054 556 1117 quem
579 1042 613 1099 tu
636 1055 711 1100 vere
734 1035 844 1100 dixisti
867 1036 1076 1119 perfectorem
1098 1036 1144 1101 di-

104 1138 194 1204 cendi
216 1157 288 1203 esse
312 1158 352 1201 ac
374 1137 569 1221 magistrum,
593 1138 682 1202 multi
707 1137 830 1203 sudoris
853 1145 914 1223 est3
943 1146 975 1205 et
997 1140 1050 1204 illa
1077 1161 1144 1206 ora·

102 1243 195 1308 tionis
218 1261 297 1307 suae
322 1259 393 1304 eum
417 1241 541 1324 scriptis
562 1241 675 1306 alienis
699 1241 891 1325 comparatio
915 1247 947 1307 et
970 1242 1009 1308 de
1039 1243 1143 1308 alieno

56 1363 84 1409 ro
101 1347 218 1429 scripto
242 1343 349 1410 subita
371 1343 423 1408 vel
443 1342 595 1409 laudandi
623 1344 674 1409 vel
697 1343 899 1428 vituperandi
926 1346 977 1409 vel
1005 1366 1144 1429 compro·

103 1448 199 1515 bandi
222 1448 276 1512 vel
299 1446 466 1511 refellendi
489 1467 586 1512 eausa
608 1446 781 1530 disputatio
805 1467 869 1512 non
884 1448 1050 1514 mediocris
1074 1469 1144 1513 eon·

101 1551 252 1617 tentionis
277 1553 326 1616 est
348 1551 401 1614 vel
422 1549 464 1614 ad
486 1550 670 1615 memoriam
693 1550 745 1614 vel
767 1549 809 1616 ad
830 1551 1027 1617 imitandum.
1066 1551 1144 1616 illud
1162 1537 1214 1657 {³5¹8

101 1677 174 1721 vero
197 1655 261 1719 fuit
291 1653 450 1734 horribile,
482 1652 566 1735 quod
588 1653 768 1720 mehercule
791 1673 903 1720 vereor
928 1676 970 1720 ne
992 1655 1143 1720 maiorem

101 1760 163 1824 rim
186 1757 231 1823 ad
262 1755 486 1822 deterrendum
515 1757 662 1822 habuerit
693 1777 789 1838 quam
819 1757 862 1822 ad
897 1757 1142 1824 cohortandum:

58 1879 85 1925 ιι
101 1862 227 1928 voluisti
255 1861 341 1925 enim
375 1860 407 1924 in
443 1880 498 1925 suo
532 1880 649 1944 genere
681 1880 780 1925 ununr
812 1879 967 1943 quemque
1001 1867 1143 1926 nostrum

101 1967 189 2048 quasi
214 1961 376 2047 quendam
396 1979 466 2028 esse
481 1964 641 2044 Roscium,
658 1963 831 2046 dixistique
846 1986 911 2031 non
926 1970 992 2028 tam
1008 1983 1046 2028 ea
1062 1984 1142 2045 quae

53 2082 58 2090 '
100 2076 185 2134 recta
208 2073 320 2134 essent
341 2067 468 2150 probari
491 2087 586 2148 quam
610 2087 691 2148 quae
713 2087 814 2150 prava
834 2067 971 2134 fastidiis
993 2067 1142 2132 adhaere-

101 2193 200 2257 scere;
232 2168 321 2253 quod
352 2190 411 2254 ego
442 2190 506 2235 non
536 2176 602 2235 tarn
632 2170 797 2236 fastidiose
820 2171 854 2235 in
877 2171 968 2236 nobis
992 2190 1087 2252 quam
1108 2171 1141 2234 in

100 2275 308 2342 histrionibus
331 2273 466 2358 spectari
489 2280 574 2359 puto.
620 2274 727 2356 itaque
757 2294 816 2340 nos
838 2295 950 2341 raucos
974 2294 1070 2359 saepe
1098 2281 1141 2338 at
1160 2290 1211 2339 259

56 2379 276 2445 attentissime
299 2374 402 2441 audiri
424 2376 532 2461 vide0;
556 2383 644 2440 tenet
666 2376 750 2441 enim
766 2396 817 2442 res
833 2378 903 2461 ipsa
918 2384 1014 2460 atque
1031 2399 1140 2462 causa3

101 2490 132 2548 at
159 2483 334 2566 Aesopum,
370 2479 397 2544 si
429 2480 559 2563 paulum
589 2479 761 2560 irrauserit,
793 2481 930 2565 explodi.
976 2502 997 2544 a
1026 2481 1141 2563 quibus

103 2587 184 2651 enim
207 2584 288 2650 nihil
310 2590 436 2668 praeter
465 2583 659 2667 voluptatem
690 2583 814 2646 aurium
845 2584 1015 2666 quaeritur,
1046 2583 1141 2648 iniis

103 2687 280 2769 offenditur,
305 2686 517 2768 simulatque
540 2685 735 2750 imminuitur
757 2685 877 2767 aliquid
900 2685 941 2750 de
963 2688 1139 2771 voluptate;

102 2791 133 2855 in
155 2790 314 2874 eloquenti
344 2796 450 2854 autem
478 2790 577 2854 multa
607 2795 680 2854 sunt
710 2809 792 2870 quae
821 2795 965 2854 teneant:
1002 2809 1083 2872 quae
1112 2789 1139 2854 si

57 2908 89 2956 25
104 2897 204 2960 omnia
227 2913 353 2960 summa
375 2913 438 2957 non
462 2899 536 2958 sunt
559 2898 591 2956 et
613 2893 764 2975 pleraque
787 2897 894 2956 tamen
915 2913 1032 2976 magna
1056 2899 1138 2974 sunt,

106 3017 229 3064 neeesse
252 3003 302 3064 est
325 3016 364 3060 ca
386 2996 457 3080 ipsa
479 3015 560 3078 quae
583 3001 655 3059 sunt
678 2995 837 3058 mirabilia
858 2995 969 3060 videri.

200 3103 295 3186 Ergo,
319 3105 355 3164 ut
376 3098 418 3163 ad
440 3100 576 3182 primum
598 3097 676 3162 illud
697 3104 847 3179 revertar,
871 3098 911 3162 sit
927 3103 1031 3164 orator
1046 3099 1137 3164 nobis
1156 3115 1208 3164 260

106 3203 211 3288 isqui,
241 3211 278 3269 ut
309 3204 441 3268 Crassus
471 3203 647 3285 descripsit,
678 3200 920 3266 adcommodate
946 3201 989 3266 ed
1011 3221 1136 3286 persua-

12 3387 13 3390 *
107 3304 236 3374 dandum
260 3307 362 3392 possit
384 3305 497 3370 dicere.
543 3306 571 3369 is
593 3311 700 3369 autem
724 3304 928 3370 concludatur
951 3304 984 3368 in
1000 3323 1135 3384 eaquae

12 3393 13 3400 ἵ
58 3422 91 3470 eo
108 3417 172 3476 ιιιιι
200 3412 233 3476 in
263 3431 324 3476 usu
355 3409 520 3474 civitatum
553 3409 675 3492 volgari
708 3426 745 3471 ac
779 3407 910 3488 sorensi,
944 3406 1135 3487 remotisque

110 3515 210 3582 ceteris
233 3512 357 3594 studiis,
390 3513 535 3595 quamvis
558 3531 597 3576 ea
620 3511 683 3576 sint
709 3510 816 3594 ampla
842 3517 938 3591 atque
960 3509 1134 3592 praeclara,

109 3613 137 3678 in
156 3615 212 3683 hoc
234 3639 298 3683 nno
323 3637 427 3700 opere,
452 3623 487 3680 ut
509 3615 553 3679 ita
576 3614 690 3695 dicem,
713 3621 822 3678 noctes
837 3620 869 3678 et
884 3612 952 3676 dies
968 3617 1132 3695 argentum

109 3715 297 3804 imiteturque
331 3721 419 3784 illum
450 3719 500 3783 eui
534 3717 603 3782 sine
637 3716 732 3780 dubio
767 3734 890 3780 summa
923 3713 972 3776 vis
1006 3711 1133 3777 dicendi

109 3825 287 3905 conceditur,
319 3822 548 3887 Atheniensem
581 3817 839 3895 Demosthenem,
864 3815 897 3878 in
921 3833 982 3894 quo
1009 3820 1132 3878 tantum

836 3946 839 3950 .
944 3914 975 3964 ὃ*
