2834 4110
297 215 468 269 1111111111.
499 215 582 270 eAP.
600 218 712 272 ao-ar.
743 218 923 280 sno-111.
1087 199 1129 262 99

88 392 120 455 in
142 412 203 473 quo
227 391 319 455 nulla
346 396 452 474 potest
479 410 548 456 esse
570 391 633 455 nisi
656 411 697 454 ex
727 390 878 474 ambiguo
906 390 1129 456 controversia.

88 516 158 560 uam
181 494 261 560 illud
293 495 411 578 ipsum,
444 494 527 576 quod
557 495 708 579 scriptum
731 515 751 558 a
774 495 932 560 sententia
962 494 1171 577 discrepate

89 620 187 682 genus
217 599 381 682 quoddam
411 598 508 663 habet
537 599 696 683 ambigui3
729 598 813 681 quod
843 604 910 663 tum
945 598 1130 683 explicatur,

91 723 160 767 cum
187 724 227 768 ea
250 705 352 768 verba
380 722 463 784 quae
493 703 607 768 desunt
637 711 790 788 suggesta
820 710 902 783 sunt,
934 704 1049 786 quibus
1079 701 1132 766 ad-

67 807 163 873 tditis
197 807 383 873 defenditur
415 808 603 872 sententiam
633 808 743 892 scripti
781 808 982 892 perspicuam
1015 806 1131 891 fuisse;

90 931 131 975 er
150 912 384 994 contrariisque
408 911 532 996 scriptis
555 912 583 976 si
605 912 682 994 quid
712 901 893 995 ambigitur,
925 933 989 978 non
1013 930 1132 976 novum

17 1021 18 1026 ’
91 1035 188 1097 genus
211 1015 365 1095 nascitur,
390 1013 446 1079 sed
470 1015 640 1100 superioris
662 1015 789 1100 generis
813 1034 910 1080 causa
938 1017 1132 1101 duplicatum

92 1117 183 1201 idque
204 1126 263 1183 aut
285 1139 459 1200 numquam
483 1118 649 1184 diiudicari
680 1119 794 1204 poterit
824 1125 878 1184 aut
908 1123 954 1186 ita
983 1118 1133 1185 diiudica-

92 1222 180 1305 bitur,
206 1229 242 1287 ut
263 1221 447 1311 referumlis
465 1223 644 1308 praeteritis
666 1224 773 1289 verbis
795 1222 830 1287 id
852 1225 1013 1310 scriptum,
1038 1224 1134 1306 quod·
1224 1197 1254 1289 i

58 1351 80 1397 10
95 1347 224 1408 cumque
248 1326 468 1408 defendemus,
492 1329 684 1421 simpleatur.
735 1327 781 1392 ita
802 1327 837 1391 fit
860 1336 895 1393 ut
917 1349 1016 1393 unum
1031 1348 1134 1411 genus

93 1431 124 1494 in
152 1431 192 1497 iis
219 1431 325 1497 causis
357 1451 438 1514 quae
467 1418 603 1517 propter*
626 1433 777 1516 scriptum
807 1433 1012 1519 ambiguntur
1042 1433 1134 1497 relin-

95 1541 213 1617 quatur,
245 1537 273 1602 si
303 1543 352 1601 est
384 1537 534 1620 seriptum
557 1537 678 1619 aliquid
708 1537 867 1620 ambigue.
913 1539 1134 1621 ambiguorum
1154 1552 1201 1598 111

95 1651 198 1705 autem
221 1660 294 1704 cum
316 1641 408 1725 plura
440 1661 560 1724 genera
593 1647 676 1722 sunt,
707 1660 790 1723 quae
823 1641 902 1706 mihi
935 1641 1084 1706 videntur
1111 1640 1134 1704 ii

96 1744 204 1810 melius
227 1765 321 1811 nosse
345 1745 399 1828 qui
422 1745 579 1811 dialectici
602 1746 812 1830 appellantur,
844 1745 1006 1810 hiantem
1034 1746 1134 1811 nostri

59 1867 81 1912 15
96 1847 247 1930 ignorare,
279 1850 333 1932 qui
360 1870 424 1915 non
454 1851 559 1915 minus
589 1869 683 1914 nosse
706 1849 854 1931 debeant,
885 1856 952 1913 tum
985 1847 1062 1912 illud
1086 1855 1134 1913 est

97 1951 383 2034 frequentissimum
406 1955 439 2018 in
463 1955 549 2021 omui
572 1953 801 2019 consuetudine
824 1955 876 2018 vel
898 1953 1052 2018 sermonis
1082 1953 1134 2017 vel

98 2057 211 2140 scripti,
235 2077 307 2122 oum
328 2057 446 2124 idcirco
469 2057 590 2141 aliquid
613 2057 793 2141 ambigitur,
818 2057 902 2140 quod
924 2063 979 2122 aut
1001 2057 1134 2122 verbum

98 2166 149 2222 aut
171 2161 270 2226 verba
291 2163 356 2226 sint
371 2163 604 2246 praetermissa.
643 2162 757 2226 iterum
777 2168 884 2226 autem
900 2166 1045 2245 peccant,
1062 2182 1134 2225 cum
1154 2174 1203 2220 112

98 2281 195 2344 genus
209 2264 269 2330 hoc
290 2285 465 2347 causarum,
490 2265 575 2348 quod
597 2265 631 2330 in
654 2266 761 2350 scripti
784 2265 1044 2348 interpretatione
1067 2284 1134 2330 ver·

59 2381 86 2429 11
102 2373 194 2449 satur,
217 2369 257 2433 ab
280 2370 342 2434 illis
364 2371 479 2452 causis,
507 2370 679 2451 inquibus
710 2369 813 2452 qualis
839 2389 985 2452 quaeque
1012 2390 1063 2436 res
1094 2369 1135 2434 sit

99 2469 297 2556 disceptatur,
334 2474 514 2558 seiungunt.
567 2494 725 2556 nusquam
756 2473 841 2538 enim
874 2479 940 2538 tam
973 2476 1135 2556 quaeritur

102 2577 189 2654 quale
210 2579 250 2643 sit
272 2598 374 2662 genus
397 2580 501 2664 ipsum
524 2578 570 2642 rei
593 2599 688 2660 quam
712 2579 745 2643 in
768 2578 895 2662 scripto,
927 2578 1011 2660 quod
1033 2587 1134 2647 totum

101 2678 212 2745 alecti
234 2684 450 2748 controversia
472 2689 654 2766 separatum
678 2689 734 2747 est.
780 2680 826 2746 ita
841 2683 902 2746 tria
918 2690 991 2748 sunt
1007 2683 1134 2748 omnino
1156 2696 1204 2742 113

103 2801 223 2879 genera·
236 2807 318 2868 quae
340 2788 373 2852 in
397 2786 659 2874 disceptationem
687 2793 719 2851 et
742 2788 990 2852 controversiam
1020 2788 1134 2854 cadere
1195 2820 1212 2847 1

58 2904 88 2952 25
103 2888 238 2964 possint:
261 2883 349 2974 ‘quid
371 2891 428 2956 fiat
450 2890 570 2956 factum
592 2890 775 2955 futurumve
797 2886 848 2955 sit'
871 2898 927 2955 aut
954 2884 1061 2974 ‘quale
1084 2887 1135 2955 sit²

105 2996 156 3052 aut
176 2984 245 3074 ‘quo
267 2995 361 3061 modo
384 2988 584 3061 nominetur'‚
630 3014 705 3058 nam
736 2993 770 3057 id
800 2993 928 3077 quidem
959 2994 1044 3077 quod
1071 2993 1135 3076 qui-

107 3088 176 3157 dam
196 3095 307 3164 Graeci
329 3098 519 3183 adiungunt,
542 3090 681 3163 ‘rectene
705 3097 825 3162 factum
847 3093 910 3177 sit,³
932 3103 1033 3162 totum
1048 3098 1081 3161 in
1098 3117 1135 3162 oo

108 3201 151 3258 est
172 3191 271 3281 ‘quale
293 3199 354 3268 sit’.
401 3203 458 3269 sed
480 3203 545 3267 iam
576 3201 618 3266 ad
648 3202 826 3268 institutum
855 3209 996 3267 revertar
1019 3221 1133 3266 meum.
1158 3207 1193 3262 27

201 3305 278 3372 Cum
300 3308 397 3390 igitur
423 3313 561 3392 accepta
590 3327 687 3372 causa
717 3312 749 3370 et
770 3325 889 3391 genere
921 3305 1046 3389 cognito
1068 3325 1135 3369 rem
1156 3315 1206 3363 114

59 3415 92 3463 sc
108 3403 231 3473 uacare
253 3413 351 3496 coepi,
375 3412 455 3477 nihil
477 3412 564 3496 prius
588 3413 743 3476 constituo
767 3429 862 3493 qnam
886 3408 962 3492 quid
985 3409 1025 3473 sit
1046 3407 1135 3488 illud,

109 3521 164 3583 quo
188 3514 263 3579 mihi
289 3517 331 3581 sit
356 3515 528 3581 referunda
555 3515 657 3580 omnis
684 3515 739 3579 illa
761 3511 870 3591 oratio,
896 3533 977 3596 quae
1005 3511 1045 3576 sit
1068 3531 1136 3595 pro-

109 3609 171 3687 1118
191 3620 381 3698 quaestionis
398 3626 430 3685 et
445 3618 563 3684 iudicii.
607 3617 723 3683 deinde
746 3616 801 3680 illa
815 3612 879 3679 dno
894 3614 1136 3699 diligentissime

110 3717 273 3803 considero,
300 3743 432 3805 qnorum
461 3722 594 3785 alterum
618 3715 924 3784 commendationem
946 3717 1043 3780 habet
1066 3737 1136 3781 nos·

109 3816 183 3883 tram
202 3832 256 3889 aut
278 3846 385 3891 eorum
409 3843 487 3907 quos
510 3821 721 3898 defendimus,
744 3818 878 3880 alterum
894 3824 942 3881 est
957 3816 1136 3881 adcommo-

946 3917 977 3968 7*
