2836 4114
377 200 488 254 LIBER
501 201 553 255 111.
578 200 660 256 CAP.
674 205 750 256 6-7.
775 205 914 265 §uc-26.
1103 187 1165 250 175

120 375 208 457 quod
240 375 446 459 suscepimus,
477 396 570 441 nosse
606 383 636 440 θῖ
673 383 781 440 tenere
811 375 973 440 debemus.
1020 395 1084 454 una
1116 382 1165 440 est

119 479 218 559 enim,
236 478 319 561 quod
336 486 368 543 et
379 499 438 561 ego
455 479 603 544 hesterno
619 479 671 544 die
683 478 751 543 dixi
764 486 796 543 et
808 480 926 561 aliquot
937 479 1014 544 locis
1026 486 1163 543 anteme-

117 581 247 646 ridiano
259 601 402 647 sermone
415 582 607 666 significavit
618 583 784 663 Antonius,
799 583 987 665 eloquentia,
1001 601 1164 664 quascum-

118 705 183 767 que
207 685 241 749 in
264 689 335 768 oras‘
350 685 572 770 disputationis
587 687 776 772 regionesve
799 687 905 750 delata
921 693 976 752 est.
1005 707 1080 750 nam
1096 686 1164 750 sive
1182 699 1214 747 23

78 789 162 853 sde
186 788 267 853 caeli
297 796 410 854 natura
439 791 577 872 loquitur
606 791 674 854 sive
705 789 745 855 de
776 796 879 854 terrae
906 791 973 856 sive
993 789 1034 854 de
1054 789 1164 853 divina

117 893 154 956 vi
178 893 247 957 sive
270 892 310 956 de
332 892 472 958 humana
495 894 563 960 sive
587 914 627 958 ex
650 893 800 958 inferiore
822 894 890 959 loeo
913 894 981 958 sive
1005 913 1046 958 ex
1060 913 1162 976 aequo

119 997 190 1060 sive
207 1016 249 1061 ex
265 997 423 1080 superiore
446 996 514 1062 sive
537 1003 571 1062 ut
593 997 735 1080 impellat
750 997 894 1063 homines
911 999 978 1063 sive
995 1004 1030 1062 ut
1049 997 1163 1063 doceat

42 1132 44 1136 ·
118 1099 189 1165 sive
205 1106 241 1164 ut
255 1099 411 1165 deterreat
427 1101 495 1166 sive
510 1107 545 1165 ut
560 1101 695 1165 concitet
710 1101 778 1165 sive
794 1108 828 1165 ut
839 1101 981 1166 reflectat
992 1102 1061 1166 sive
1072 1108 1107 1165 ut
1118 1101 1162 1165 in-

119 1203 238 1268 cendat
261 1203 329 1269 sive
351 1211 386 1268 ut
407 1204 506 1269 leniat
528 1205 595 1271 sive
618 1204 660 1269 ad
683 1225 801 1289 paucos
818 1206 886 1270 sive
901 1207 943 1270 ad
964 1207 1078 1270 multos
1094 1206 1161 1270 sive

66 1322 99 1368 10
122 1308 206 1372 inter
228 1308 349 1372 alienos
371 1309 439 1372 sive
463 1308 533 1372 cum
557 1309 622 1374 suis
645 1309 714 1373 sive
737 1328 853 1389 secum,
876 1309 953 1373 rivis
968 1317 1017 1375 est
1032 1309 1162 1373 diducta

4 1422 8 1473 Ι
119 1412 230 1491 oratio,
253 1432 316 1475 non
347 1411 498 1492 fontibus,
531 1418 571 1493 et,
604 1432 802 1495 quocumque
831 1412 1017 1497 ingreditur,
1050 1413 1161 1478 codem

3 1514 10 1611 l
120 1521 169 1580 est
191 1515 347 1579 instructu
371 1522 546 1598 ornatuque
570 1518 727 1580 comitata.
774 1516 831 1580 sed
854 1517 1003 1598 quoniam
1019 1517 1161 1600 oppressi
1180 1529 1213 1576 24

118 1619 184 1683 iam
208 1637 316 1682 sumus
347 1618 548 1702 opinionibus
576 1640 641 1683 non
670 1618 764 1683 modo
787 1619 890 1702 (volgi,
921 1639 1031 1682 verum
1066 1620 1162 1683 etiam

119 1721 283 1786 hominum
312 1722 424 1787 leviter
455 1722 656 1806 eruditorum,
689 1723 752 1805 qui,
788 1742 869 1804 quae
900 1722 1066 1805 complecti
1097 1729 1163 1787 tota

64 1839 99 1886 15
119 1830 292 1907 nequeunt,
316 1825 397 1890 haee
419 1825 545 1890 facilius
566 1825 690 1892 divolsa
721 1832 752 1890 et
783 1826 873 1908 quasi
902 1825 1061 1908 discerpta
1091 1845 1162 1890 con-

2 1885 8 1957 Ι
117 1934 266 2009 tractant,
297 1935 329 1994 et
359 1929 413 2009 qui
442 1931 604 2011 tamquam
627 1930 667 1993 ab
691 1930 797 1993 animo
829 1948 952 2014 corpus,
984 1928 1029 1994 sic
1051 1950 1071 1993 a
1094 1949 1161 1994 sen-

4 2030 9 2059 '
117 2031 229 2097 tentiis
251 2032 351 2096 verba
374 2034 556 2116 seiungunt,
579 2052 711 2115 quorum
742 2032 811 2097 sine
834 2032 963 2097 interitu
994 2031 1061 2095 fieri
1088 2053 1162 2098 neu-

2 2116 9 2215 }
117 2143 202 2219 trum
225 2141 339 2219 potest,
362 2156 426 2200 non
450 2135 621 2220 suscipiam
643 2136 785 2200 oratione
800 2155 872 2199 mea
887 2137 958 2219 plns
974 2155 1068 2217 quam
1084 2135 1161 2200 mihi

1 2224 10 2350 ἐ
117 2239 308 2323 impunitum
345 2245 467 2303 tantum
505 2239 691 2324 significabo
726 2239 816 2304 brevi
854 2259 958 2321 neque
993 2240 1161 2304 verborum

63 2357 98 2405 20
118 2349 265 2408 ornatum
288 2342 426 2407 inveniri
448 2362 540 2426 posse
562 2363 625 2407 non
641 2343 741 2426 partis
757 2343 979 2426 expressisque
995 2343 1161 2409 sententiis

117 2465 224 2528 neque
247 2465 317 2511 esse
340 2446 438 2510 ullam
461 2447 652 2510 sententiam
675 2447 837 2511 inlustrem
862 2447 931 2511 sine
959 2447 1029 2511 luce
1052 2449 1160 2513 verbo·

117 2571 197 2614 rum.
245 2549 302 2614 sed
324 2549 509 2632 priusquam
530 2549 585 2613 illa
608 2570 704 2614 conor
725 2550 892 2634 attingere,
916 2551 1030 2632 quibus
1050 2552 1161 2616 oratio·
1180 2563 1212 2610 25

117 2673 194 2717 nem
217 2653 321 2718 ornari
343 2659 439 2734 atque
462 2652 643 2716 inluminari
670 2659 788 2737 putem,
817 2673 991 2737 proponam
1021 2654 1161 2719 breviter

120 2756 197 2839 quid
220 2756 356 2820 sentiam
380 2756 420 2820 de
444 2756 591 2821 universo
614 2776 732 2841 genere
755 2757 892 2822 dicendi.

224 2861 348 2925 Natura
375 2861 461 2924 nulla
492 2867 549 2940 est,
580 2868 614 2924 ut
644 2860 721 2924 mihi
751 2860 886 2941 videtur,
918 2881 1000 2943 quae
1022 2882 1085 2925 non
1108 2861 1195 2924 hal

120 2965 195 3030 beat
225 2965 259 3028 in
290 2985 345 3029 suo
379 2983 497 3047 genere
527 2984 577 3030 res
605 2964 775 3048 compluris
805 2964 967 3030 dissimilis
1001 2966 1084 3030 inter
1117 2986 1160 3045 se,

121 3089 202 3150 quae
225 3075 333 3132 tamen
357 3068 512 3134 consimili
534 3068 628 3133 laude
650 3069 829 3151 dignentur.
876 3090 951 3133 nam
979 3076 1010 3133 et
1033 3069 1161 3133 auribus

122 3173 220 3237 multa
243 3173 444 3256 percipimus,
469 3193 551 3254 quae
567 3172 626 3237 etsi
642 3193 699 3237 nos
715 3173 848 3238 vocibus
863 3173 1032 3253 delectant,
1054 3179 1160 3235 tamen

121 3277 167 3341 ita
189 3283 263 3340 sunt
285 3277 374 3340 varia
398 3297 503 3360 saepe,
527 3283 562 3340 ut
584 3276 618 3340 id
634 3277 718 3359 quod
733 3277 912 3361 proximum
927 3277 1039 3341 audias
1055 3277 1161 3340 iucun-

0 3366 1 3429 l
69 3390 105 3438 30
123 3379 288 3445 dissimum
322 3399 392 3467 esse
412 3379 588 3465 ·videatur;
624 3387 655 3445 et
689 3381 787 3445 oculis
821 3381 1021 3464 conliguntur
1058 3398 1160 3462 paene

121 3483 369 3548 innumerabiles
392 3484 581 3567 voluptates,
605 3505 687 3566 quae
710 3504 768 3549 nos
790 3484 835 3548 ita
851 3483 990 3567 capiunt,
1014 3489 1049 3546 ut
1063 3503 1161 3546 unum

122 3607 249 3652 sensum
280 3587 425 3652 dissimili
458 3607 575 3671 genere
609 3588 783 3670 delectent3
817 3592 849 3650 et
882 3585 1018 3667 reliquos
1050 3605 1161 3651 sensus

122 3691 300 3776 voluptates
334 3691 495 3756 oblectant
523 3691 678 3776 dispares,
713 3698 747 3755 ut
777 3690 818 3756 sit
850 3688 981 3753 difficile
1010 3689 1161 3753 iudicium

1 3849 2 3928 p
123 3795 308 3860 excellentis
331 3793 472 3857 maxime
502 3794 677 3860 suavitatis.
724 3799 757 3858 at
787 3792 848 3856 hoc
877 3792 973 3874 idem,
1006 3790 1089 3876 quod
1114 3798 1161 3856 est
1180 3805 1185 3820 ⁵
