2836 4114
303 255 414 312 amna
431 258 483 312 111.
506 257 588 314 cnr.
600 261 712 315 41-42.
743 260 921 324 arur-rar.
1063 241 1126 307 213

91 431 259 516 angustius
282 430 316 495 id
340 429 423 514 quod
445 433 631 498 translatum
656 432 705 515 sit,
729 452 825 515 quam
841 432 952 498 fuisset
966 431 1045 498 illud
1059 453 1127 518 pro-

91 537 193 621 prium
215 556 255 601 ac
278 555 387 601 suum:

155 639 311 723 quidnam
335 643 391 723 est,
415 640 570 707 obsecro?
593 639 671 723 quid
693 645 725 705 ῖθ
747 640 863 706 adirier
885 640 1043 706 abnritas?

91 744 202 810 melius
227 749 311 810 esset
340 737 452 811 ‘vetas'
483 738 654 830 ‘prohibes'
683 737 874 827 ‘absterres,'
904 747 1053 828 quoniam
1075 746 1128 810 ille

61 847 236 914 sdixerat:

611 952 683 1019 ilico
705 953 786 1035 istic,

132 1076 174 1121 ne
198 1056 346 1141 contagio
367 1077 440 1123 mea
461 1057 553 1124 bonis
575 1058 728 1123 umbrave
751 1056 834 1123 obsit
851 1109 857 1122 .
872 1109 878 1123 .
893 1109 922 1123 ..

90 1166 185 1243 atque
209 1160 315 1242 etiam,
339 1161 371 1225 si·
390 1181 520 1227 vereare
550 1183 592 1228 ne
614 1161 709 1247 paulo
740 1161 846 1228 durior
867 1162 1031 1228 translatio
1059 1182 1128 1228 esse
1148 1172 1196 1222 165

89 1263 246 1347 videatur,
276 1265 448 1330 mollienda
480 1271 529 1332 θεῖ
559 1267 739 1351 praeposito
769 1286 866 1351 saepe
893 1268 1008 1354 verb03
1037 1273 1072 1333 ut
1101 1267 1128 1333 si

49 1381 73 1430 10
89 1369 164 1434 olim
186 1369 228 1434 M.
249 1369 368 1434 Catone
391 1377 514 1437 mortuo
537 1363 713 1455 ‘pupillum'
740 1376 884 1435 senatum
900 1370 970 1454 quis
985 1372 1128 1437 relietum

90 1473 219 1554 diceret,
242 1473 337 1556 paulo
359 1471 489 1559 durius,
513 1475 562 1540 sin
585 1466 631 1539 ‘ut
652 1474 698 1539 ita
725 1472 839 1556 dicam,
869 1471 1045 1559 pupillum,'
1074 1475 1128 1539 ali-

90 1581 210 1660 quanto
231 1575 348 1643 mitius.
394 1577 511 1643 etenim
534 1576 716 1643 verecunda
738 1577 834 1644 debet
856 1597 926 1644 esse
953 1578 1127 1660 translatio,

89 1688 123 1746 ut
147 1679 285 1747 deducta
308 1699 377 1746 θεεθ
398 1681 432 1746 in
456 1682 595 1747 alienum
617 1681 730 1764 locum,
754 1703 817 1747 non
839 1682 1006 1766 inrupisse,
1035 1688 1127 1764 atque

89 1791 124 1851 ut
157 1785 320 1870 precario,
358 1807 422 1852 non
451 1786 485 1852 vi
519 1786 646 1852 venisse
675 1785 830 1852 videatur.
875 1785 987 1852 modus
1021 1792 1128 1853 autem
1148 1796 1196 1845 166

48 1900 71 1949 1⁵
89 1889 193 1956 nullus
216 1895 266 1955 est
291 1888 453 1956 florentior
482 1889 515 1954 in
546 1889 680 1974 singulis
710 1891 816 1958 verbis
846 1909 950 1973 neque
981 1890 1034 1973 qui
1056 1890 1127 1974 plus

90 1993 219 2059 luminis
241 1991 364 2059 adierat
386 1994 528 2060 orationi.
575 2014 649 2058 nam
671 1994 749 2059 illud
772 1993 856 2078 quod
879 2015 920 2060 ex
934 1993 996 2061 hoo
1010 2013 1127 2080 genere

89 2096 217 2182 profluit
239 2117 303 2161 non
325 2104 373 2163 θεῖ
396 2098 430 2162 in
452 2118 516 2163 uno
539 2098 637 2164 verbo
660 2098 822 2181 translato,
847 2097 905 2164 sed
920 2119 961 2164 ex
985 2097 1126 2183 pluribus

91 2201 281 2267 continuatis
304 2202 487 2284 conectitur,
509 2207 545 2294 ut
566 2201 652 2266 aliud
675 2201 808 2284 dicatur,
831 2200 918 2267 aliud
946 2202 1128 2286 intellegen-

92 2305 167 2370 dum
190 2305 247 2371 sit:

47 2421 75 2468 ro
405 2412 509 2492 neque
531 2429 583 2474 me
605 2411 709 2494 patiar

135 2517 249 2579 iterum
272 2512 313 2578 ad
335 2534 433 2579 unum
456 2514 619 2598 scopulum
649 2521 684 2580 ut
713 2515 787 2580 olim
819 2515 951 2581 classem
974 2513 1129 2581 Achivom

403 2616 576 2684 offendere.

92 2724 187 2803 atque
209 2720 305 2786 illud:

136 2827 232 2906 erras,
257 2844 360 2911 erras,
383 2846 459 2890 nam
483 2827 679 2892 exultantem
701 2833 734 2892 te
757 2830 788 2892 et
815 2827 1044 2912 praefidentem
1071 2827 1129 2892 tibi

46 2939 75 2988 25
135 2928 307 3013 repriment
336 2928 461 2996 validae
488 2930 595 3014 legum
621 2929 768 2996 habenae
794 2937 890 3015 atque
919 2932 1031 3018 imperi
1057 2931 1129 2997 insi-

508 3037 592 3100 stent
614 3034 698 3120 iugo.

93 3144 219 3223 sumpta
244 3157 279 3202 re
309 3137 404 3203 simili
433 3138 533 3203 verba
563 3139 646 3204 illius
680 3139 727 3204 rei
759 3141 887 3224 propria
919 3138 1069 3223 deinceps
1095 3137 1129 3201 in
1148 3144 1197 3192 167

12 3297 13 3300 ,
92 3261 158 3308 rem
180 3243 287 3324 aliam,
309 3248 344 3308 ut
367 3241 444 3323 dixi,
469 3241 710 3308 transferuntur.
757 3247 805 3308 θεῖ
827 3243 887 3310 hoc
909 3263 1060 3328 magnum
1082 3260 1127 3305 or·
1150 3237 1190 3297 42

12 3405 14 3438 l

93 3353 276 3412 namentum
310 3345 471 3428 orationis,
505 3346 538 3411 in
573 3366 635 3430 quo
669 3347 842 3413 obscuritas
876 3344 1030 3430 fugienda
1067 3350 1128 3429 est3

47 3457 75 3506 30
93 3451 208 3515 etenim
230 3449 291 3516 hoc
313 3449 379 3516 iere
394 3469 513 3535 genere
529 3450 609 3516 fiunt
625 3469 760 3534 eaquae
776 3450 922 3516 dicuntur
937 3449 1128 3533 aenigmata.

91 3575 154 3619 non
177 3560 227 3620 est
248 3539 355 3620 autem
377 3553 410 3617 in
433 3554 532 3620 verbo
554 3554 666 3621 modus
688 3555 749 3637 hic,
774 3554 831 3620 sed
858 3555 891 3618 in
915 3554 1066 3636 oratione,
1096 3551 1132 3617 id

93 3659 195 3724 estin
219 3657 454 3724 continuatione
476 3659 654 3725 verborum.
700 3680 741 3726 ne
763 3659 818 3724 illa
833 3657 961 3742 quidem
976 3658 1130 3724 traductio

93 3768 187 3846 atque
209 3762 386 3829 immutatio
409 3762 443 3826 in
465 3765 565 3830 verbo
588 3763 747 3847 quandam
770 3761 1011 3830 fabricationem
1033 3763 1131 3830 habet

95 3862 216 3953 [sedin
239 3864 411 3953 orationelz
