<?xml version="1.0" encoding="UTF-8"?>
<!DOCTYPE html PUBLIC "-//W3C//DTD XHTML 1.0 Transitional//EN"
    "http://www.w3.org/TR/xhtml1/DTD/xhtml1-transitional.dtd">
<html xmlns="http://www.w3.org/1999/xhtml" xml:lang="en" lang="en">
 <head>
  <title>
</title>
<meta http-equiv="Content-Type" content="text/html;charset=utf-8" />
  <meta name='ocr-system' content='tesseract 3.04.00' />
  <meta name='ocr-capabilities' content='ocr_page ocr_carea ocr_par ocr_line ocrx_word'/>
</head>
<body>
  <div class='ocr_page' id='page_1' title='image "./mtulliciceronis21cicegoog_0178.png"; bbox 0 0 2836 4114; ppageno 0'>
   <div class='ocr_carea' id='block_1_1' title="bbox 318 221 1131 298">
    <p class='ocr_par' dir='ltr' id='par_1_1' title="bbox 318 221 1131 298">
     <span class='ocr_line' id='line_1_1' title="bbox 318 221 1131 298; baseline -0.004 -11"><span class='ocrx_word' id='word_1_1' title='bbox 318 233 431 288; x_wconf 85' lang='lat' dir='ltr'>LIBER</span> <span class='ocrx_word' id='word_1_2' title='bbox 443 234 479 288; x_wconf 92' lang='grc' dir='ltr'>ΙΙ.</span> <span class='ocrx_word' id='word_1_3' title='bbox 505 233 587 288; x_wconf 83' lang='lat' dir='ltr'>cAP.</span> <span class='ocrx_word' id='word_1_4' title='bbox 601 238 712 292; x_wconf 89' lang='grc'>85-86.</span> <span class='ocrx_word' id='word_1_5' title='bbox 737 238 910 298; x_wconf 74' lang='lat' dir='ltr'>§ele-352.</span> <span class='ocrx_word' id='word_1_6' title='bbox 1071 221 1131 284; x_wconf 85' lang='grc'>163</span> 
     </span>
    </p>
   </div>
   <div class='ocr_carea' id='block_1_2' title="bbox 27 407 1229 3803">
    <p class='ocr_par' dir='ltr' id='par_1_2' title="bbox 44 407 1198 1319">
     <span class='ocr_line' id='line_1_2' title="bbox 82 407 1131 493; baseline 0.001 -21"><span class='ocrx_word' id='word_1_7' title='bbox 82 407 203 472; x_wconf 87' lang='lat' dir='ltr'>ceteris</span> <span class='ocrx_word' id='word_1_8' title='bbox 226 409 462 490; x_wconf 82' lang='lat' dir='ltr'><strong>praestantibus</strong></span> <span class='ocrx_word' id='word_1_9' title='bbox 484 409 560 474; x_wconf 87' lang='lat' dir='ltr'>viris</span> <span class='ocrx_word' id='word_1_10' title='bbox 584 410 776 493; x_wconf 91' lang='lat' dir='ltr'>comparatio</span> <span class='ocrx_word' id='word_1_11' title='bbox 798 409 832 472; x_wconf 96' lang='lat' dir='ltr'>in</span> <span class='ocrx_word' id='word_1_12' title='bbox 848 408 1028 474; x_wconf 84' lang='lat' dir='ltr'>laudatione</span> <span class='ocrx_word' id='word_1_13' title='bbox 1044 429 1131 492; x_wconf 90' lang='lat' dir='ltr'>prae-</span> 
     </span>
     <span class='ocr_line' id='line_1_3' title="bbox 81 509 1130 597; baseline 0 -21"><span class='ocrx_word' id='word_1_14' title='bbox 81 512 185 576; x_wconf 90' lang='lat' dir='ltr'>clara.</span> <span class='ocrx_word' id='word_1_15' title='bbox 225 509 343 592; x_wconf 89' lang='lat' dir='ltr'>dequo</span> <span class='ocrx_word' id='word_1_16' title='bbox 365 531 483 595; x_wconf 83' lang='lat' dir='ltr'>genere</span> <span class='ocrx_word' id='word_1_17' title='bbox 505 513 628 577; x_wconf 90' lang='lat' dir='ltr'>libitum</span> <span class='ocrx_word' id='word_1_18' title='bbox 651 513 728 577; x_wconf 93' lang='lat' dir='ltr'>mihi</span> <span class='ocrx_word' id='word_1_19' title='bbox 751 513 914 596; x_wconf 53' lang='lat' dir='ltr'>estipaulo</span> <span class='ocrx_word' id='word_1_20' title='bbox 930 513 1130 597; x_wconf 92' lang='lat' dir='ltr'>pluraquam</span> 
     </span>
     <span class='ocr_line' id='line_1_4' title="bbox 83 613 1129 700; baseline -0.001 -20"><span class='ocrx_word' id='word_1_21' title='bbox 83 614 294 680; x_wconf 87' lang='lat' dir='ltr'>ostenderam</span> <span class='ocrx_word' id='word_1_22' title='bbox 311 613 425 696; x_wconf 83' lang='lat' dir='ltr'>dicere,</span> <span class='ocrx_word' id='word_1_23' title='bbox 449 636 513 681; x_wconf 93' lang='lat' dir='ltr'>non</span> <span class='ocrx_word' id='word_1_24' title='bbox 536 623 602 681; x_wconf 88' lang='lat' dir='ltr'>tam</span> <span class='ocrx_word' id='word_1_25' title='bbox 623 622 753 700; x_wconf 90' lang='lat' dir='ltr'>propter</span> <span class='ocrx_word' id='word_1_26' title='bbox 774 636 866 682; x_wconf 92' lang='lat' dir='ltr'>usum</span> <span class='ocrx_word' id='word_1_27' title='bbox 882 615 1051 695; x_wconf 78' lang='lat' dir='ltr'>sorensem,</span> <span class='ocrx_word' id='word_1_28' title='bbox 1077 616 1129 696; x_wconf 93' lang='lat' dir='ltr'>qui</span> 
     </span>
     <span class='ocr_line' id='line_1_5' title="bbox 83 718 1129 802; baseline -0.001 -19"><span class='ocrx_word' id='word_1_29' title='bbox 83 725 137 783; x_wconf 90' lang='lat' dir='ltr'>est</span> <span class='ocrx_word' id='word_1_30' title='bbox 153 739 174 782; x_wconf 91' lang='lat' dir='ltr'>a</span> <span class='ocrx_word' id='word_1_31' title='bbox 189 737 241 782; x_wconf 92' lang='lat' dir='ltr'>me</span> <span class='ocrx_word' id='word_1_32' title='bbox 263 718 297 782; x_wconf 93' lang='lat' dir='ltr'>in</span> <span class='ocrx_word' id='word_1_33' title='bbox 320 719 406 784; x_wconf 90' lang='lat' dir='ltr'>omni</span> <span class='ocrx_word' id='word_1_34' title='bbox 429 719 489 784; x_wconf 95' lang='lat' dir='ltr'>hoc</span> <span class='ocrx_word' id='word_1_35' title='bbox 505 740 648 784; x_wconf 87' lang='lat' dir='ltr'>sermone</span> <span class='ocrx_word' id='word_1_36' title='bbox 665 726 826 800; x_wconf 89' lang='lat' dir='ltr'>tractatus,</span> <span class='ocrx_word' id='word_1_37' title='bbox 850 740 945 802; x_wconf 89' lang='lat' dir='ltr'>quam</span> <span class='ocrx_word' id='word_1_38' title='bbox 960 726 996 784; x_wconf 92' lang='lat' dir='ltr'>ut</span> <span class='ocrx_word' id='word_1_39' title='bbox 1010 718 1070 785; x_wconf 92' lang='lat' dir='ltr'>hoc</span> <span class='ocrx_word' id='word_1_40' title='bbox 1086 719 1129 782; x_wconf 90' lang='lat' dir='ltr'>vi-</span> 
     </span>
     <span class='ocr_line' id='line_1_6' title="bbox 44 821 1128 904; baseline 0.001 -19"><span class='ocrx_word' id='word_1_41' title='bbox 44 821 218 902; x_wconf 86' lang='lat' dir='ltr'>5dcretis,</span> <span class='ocrx_word' id='word_1_42' title='bbox 247 822 274 886; x_wconf 90' lang='lat' dir='ltr'>si</span> <span class='ocrx_word' id='word_1_43' title='bbox 304 822 503 888; x_wconf 84' lang='lat' dir='ltr'>laudationes</span> <span class='ocrx_word' id='word_1_44' title='bbox 534 831 641 889; x_wconf 84' lang='lat' dir='ltr'>essent</span> <span class='ocrx_word' id='word_1_45' title='bbox 674 825 707 887; x_wconf 94' lang='lat' dir='ltr'>in</span> <span class='ocrx_word' id='word_1_46' title='bbox 738 824 870 890; x_wconf 88' lang='lat' dir='ltr'>oratoris</span> <span class='ocrx_word' id='word_1_47' title='bbox 900 822 1014 903; x_wconf 85' lang='lat' dir='ltr'>officio,</span> <span class='ocrx_word' id='word_1_48' title='bbox 1045 822 1128 904; x_wconf 91' lang='lat' dir='ltr'>quod</span> 
     </span>
     <span class='ocr_line' id='line_1_7' title="bbox 81 926 1128 1012; baseline 0.003 -23"><span class='ocrx_word' id='word_1_49' title='bbox 81 946 183 990; x_wconf 92' lang='lat' dir='ltr'>nemo</span> <span class='ocrx_word' id='word_1_50' title='bbox 206 933 313 1010; x_wconf 86' lang='lat' dir='ltr'>negat,</span> <span class='ocrx_word' id='word_1_51' title='bbox 337 927 454 991; x_wconf 89' lang='lat' dir='ltr'>oratori</span> <span class='ocrx_word' id='word_1_52' title='bbox 476 928 625 991; x_wconf 87' lang='lat' dir='ltr'>virtutum</span> <span class='ocrx_word' id='word_1_53' title='bbox 649 928 789 992; x_wconf 87' lang='lat' dir='ltr'>omnium</span> <span class='ocrx_word' id='word_1_54' title='bbox 813 927 1036 1012; x_wconf 83' lang='lat' dir='ltr'>cognitionem,</span> <span class='ocrx_word' id='word_1_55' title='bbox 1060 926 1128 993; x_wconf 88' lang='lat' dir='ltr'>sine</span> 
     </span>
     <span class='ocr_line' id='line_1_8' title="bbox 81 1027 1198 1114; baseline 0 -22"><span class='ocrx_word' id='word_1_56' title='bbox 81 1049 152 1110; x_wconf 91' lang='lat' dir='ltr'>qua</span> <span class='ocrx_word' id='word_1_57' title='bbox 175 1027 316 1093; x_wconf 88' lang='lat' dir='ltr'>laudatio</span> <span class='ocrx_word' id='word_1_58' title='bbox 346 1028 431 1094; x_wconf 88' lang='lat' dir='ltr'>effici</span> <span class='ocrx_word' id='word_1_59' title='bbox 461 1051 524 1095; x_wconf 90' lang='lat' dir='ltr'>non</span> <span class='ocrx_word' id='word_1_60' title='bbox 554 1031 664 1114; x_wconf 82' lang='lat' dir='ltr'>possit,</span> <span class='ocrx_word' id='word_1_61' title='bbox 697 1051 767 1096; x_wconf 88' lang='lat' dir='ltr'>esse</span> <span class='ocrx_word' id='word_1_62' title='bbox 796 1031 1018 1095; x_wconf 88' lang='lat' dir='ltr'>necessariam.</span> <span class='ocrx_word' id='word_1_63' title='bbox 1065 1030 1129 1094; x_wconf 92' lang='lat' dir='ltr'>iam</span> <span class='ocrx_word' id='word_1_64' title='bbox 1148 1043 1198 1092; x_wconf 82' lang='lat'>349</span> 
     </span>
     <span class='ocr_line' id='line_1_9' title="bbox 81 1131 1129 1217; baseline 0.004 -22"><span class='ocrx_word' id='word_1_65' title='bbox 81 1131 292 1215; x_wconf 88' lang='lat' dir='ltr'>vituperandi</span> <span class='ocrx_word' id='word_1_66' title='bbox 314 1139 485 1217; x_wconf 90' lang='lat' dir='ltr'>praecepta</span> <span class='ocrx_word' id='word_1_67' title='bbox 508 1135 673 1199; x_wconf 90' lang='lat' dir='ltr'>contrariis</span> <span class='ocrx_word' id='word_1_68' title='bbox 696 1155 738 1198; x_wconf 83' lang='lat' dir='ltr'>ex</span> <span class='ocrx_word' id='word_1_69' title='bbox 761 1134 847 1199; x_wconf 90' lang='lat' dir='ltr'>vitiis</span> <span class='ocrx_word' id='word_1_70' title='bbox 875 1132 1029 1199; x_wconf 91' lang='lat' dir='ltr'>sumenda</span> <span class='ocrx_word' id='word_1_71' title='bbox 1059 1153 1129 1199; x_wconf 87' lang='lat' dir='ltr'>esse</span> 
     </span>
     <span class='ocr_line' id='line_1_10' title="bbox 80 1236 1128 1319; baseline 0.001 -19"><span class='ocrx_word' id='word_1_72' title='bbox 80 1236 290 1319; x_wconf 87' lang='lat' dir='ltr'>perspicuum</span> <span class='ocrx_word' id='word_1_73' title='bbox 313 1243 378 1318; x_wconf 88' lang='lat' dir='ltr'>est;</span> <span class='ocrx_word' id='word_1_74' title='bbox 403 1237 496 1300; x_wconf 92' lang='lat' dir='ltr'>simul</span> <span class='ocrx_word' id='word_1_75' title='bbox 519 1245 567 1304; x_wconf 89' lang='lat' dir='ltr'>est</span> <span class='ocrx_word' id='word_1_76' title='bbox 589 1236 668 1302; x_wconf 93' lang='lat' dir='ltr'>illud</span> <span class='ocrx_word' id='word_1_77' title='bbox 690 1244 765 1302; x_wconf 89' lang='lat' dir='ltr'>ante</span> <span class='ocrx_word' id='word_1_78' title='bbox 788 1238 904 1318; x_wconf 90' lang='lat' dir='ltr'>oculos,</span> <span class='ocrx_word' id='word_1_79' title='bbox 928 1258 988 1302; x_wconf 88' lang='lat' dir='ltr'>noc</span> <span class='ocrx_word' id='word_1_80' title='bbox 1010 1237 1128 1302; x_wconf 91' lang='lat' dir='ltr'>bonum</span> 
     </span>
    </p>

    <p class='ocr_par' dir='ltr' id='par_1_3' title="bbox 28 1339 1128 1836">
     <span class='ocr_line' id='line_1_11' title="bbox 28 1339 1128 1432; baseline 0.002 -30"><span class='ocrx_word' id='word_1_81' title='bbox 28 1351 60 1396; x_wconf 87' lang='lat'>10</span> <span class='ocrx_word' id='word_1_82' title='bbox 80 1339 190 1403; x_wconf 89' lang='lat' dir='ltr'>virum</span> <span class='ocrx_word' id='word_1_83' title='bbox 213 1339 338 1432; x_wconf 83' lang='lat' dir='ltr'>proprie</span> <span class='ocrx_word' id='word_1_84' title='bbox 362 1344 393 1403; x_wconf 91' lang='lat' dir='ltr'>et</span> <span class='ocrx_word' id='word_1_85' title='bbox 417 1341 542 1425; x_wconf 89' lang='lat' dir='ltr'>copiose</span> <span class='ocrx_word' id='word_1_86' title='bbox 564 1340 688 1405; x_wconf 88' lang='lat' dir='ltr'>laudari</span> <span class='ocrx_word' id='word_1_87' title='bbox 711 1341 781 1406; x_wconf 90' lang='lat' dir='ltr'>sinc</span> <span class='ocrx_word' id='word_1_88' title='bbox 808 1341 960 1405; x_wconf 85' lang='lat' dir='ltr'>virtutum</span> <span class='ocrx_word' id='word_1_89' title='bbox 988 1361 1047 1405; x_wconf 89' lang='lat' dir='ltr'>nec</span> <span class='ocrx_word' id='word_1_90' title='bbox 1074 1341 1128 1404; x_wconf 86' lang='lat' dir='ltr'>im-</span> 
     </span>
     <span class='ocr_line' id='line_1_12' title="bbox 80 1443 1128 1528; baseline 0.002 -22"><span class='ocrx_word' id='word_1_91' title='bbox 80 1444 223 1526; x_wconf 91' lang='lat' dir='ltr'>probum</span> <span class='ocrx_word' id='word_1_92' title='bbox 252 1444 355 1507; x_wconf 86' lang='lat' dir='ltr'>notari</span> <span class='ocrx_word' id='word_1_93' title='bbox 384 1463 422 1507; x_wconf 93' lang='lat' dir='ltr'>ac</span> <span class='ocrx_word' id='word_1_94' title='bbox 459 1444 631 1528; x_wconf 83' lang='lat' dir='ltr'>vituperari</span> <span class='ocrx_word' id='word_1_95' title='bbox 665 1444 733 1508; x_wconf 90' lang='lat' dir='ltr'>sinc</span> <span class='ocrx_word' id='word_1_96' title='bbox 768 1444 915 1509; x_wconf 90' lang='lat' dir='ltr'>vitiorum</span> <span class='ocrx_word' id='word_1_97' title='bbox 947 1443 1128 1528; x_wconf 78' lang='lat' dir='ltr'>cognitione</span> 
     </span>
     <span class='ocr_line' id='line_1_13' title="bbox 82 1545 1127 1632; baseline 0 -21"><span class='ocrx_word' id='word_1_98' title='bbox 82 1546 165 1611; x_wconf 86' lang='lat' dir='ltr'>satis</span> <span class='ocrx_word' id='word_1_99' title='bbox 187 1545 339 1629; x_wconf 89' lang='lat' dir='ltr'>insignite</span> <span class='ocrx_word' id='word_1_100' title='bbox 370 1554 465 1628; x_wconf 90' lang='lat' dir='ltr'>atque</span> <span class='ocrx_word' id='word_1_101' title='bbox 494 1568 606 1632; x_wconf 86' lang='lat' dir='ltr'>aspere</span> <span class='ocrx_word' id='word_1_102' title='bbox 637 1567 738 1630; x_wconf 89' lang='lat' dir='ltr'>posse.</span> <span class='ocrx_word' id='word_1_103' title='bbox 785 1555 880 1629; x_wconf 91' lang='lat' dir='ltr'>atque</span> <span class='ocrx_word' id='word_1_104' title='bbox 912 1547 962 1612; x_wconf 90' lang='lat' dir='ltr'>his</span> <span class='ocrx_word' id='word_1_105' title='bbox 992 1547 1069 1612; x_wconf 92' lang='lat' dir='ltr'>locis</span> <span class='ocrx_word' id='word_1_106' title='bbox 1096 1554 1127 1611; x_wconf 90' lang='lat' dir='ltr'>ct</span> 
     </span>
     <span class='ocr_line' id='line_1_14' title="bbox 80 1647 1127 1734; baseline 0.001 -21"><span class='ocrx_word' id='word_1_107' title='bbox 80 1647 240 1714; x_wconf 87' lang='lat' dir='ltr'>laudandi</span> <span class='ocrx_word' id='word_1_108' title='bbox 270 1656 301 1713; x_wconf 91' lang='lat' dir='ltr'>ct</span> <span class='ocrx_word' id='word_1_109' title='bbox 330 1650 531 1734; x_wconf 87' lang='lat' dir='ltr'>vituperandi</span> <span class='ocrx_word' id='word_1_110' title='bbox 568 1671 664 1734; x_wconf 87' lang='lat' dir='ltr'>saepe</span> <span class='ocrx_word' id='word_1_111' title='bbox 699 1651 791 1715; x_wconf 92' lang='lat' dir='ltr'>nobis</span> <span class='ocrx_word' id='word_1_112' title='bbox 826 1658 874 1715; x_wconf 89' lang='lat' dir='ltr'>est</span> <span class='ocrx_word' id='word_1_113' title='bbox 906 1649 1059 1715; x_wconf 90' lang='lat' dir='ltr'>utendum</span> <span class='ocrx_word' id='word_1_114' title='bbox 1094 1650 1127 1714; x_wconf 94' lang='lat' dir='ltr'>in</span> 
     </span>
     <span class='ocr_line' id='line_1_15' title="bbox 80 1753 511 1836; baseline 0.005 -18"><span class='ocrx_word' id='word_1_115' title='bbox 80 1753 172 1818; x_wconf 89' lang='lat' dir='ltr'>omni</span> <span class='ocrx_word' id='word_1_116' title='bbox 195 1773 313 1836; x_wconf 85' lang='lat' dir='ltr'>genere</span> <span class='ocrx_word' id='word_1_117' title='bbox 337 1773 511 1820; x_wconf 90' lang='lat' dir='ltr'>causarum.</span> 
     </span>
    </p>

    <p class='ocr_par' dir='ltr' id='par_1_4' title="bbox 29 1855 1195 2354">
     <span class='ocr_line' id='line_1_16' title="bbox 29 1855 1195 1940; baseline -0.001 -21"><span class='ocrx_word' id='word_1_118' title='bbox 29 1867 60 1913; x_wconf 82' lang='lat'>15</span> <span class='ocrx_word' id='word_1_119' title='bbox 189 1855 325 1921; x_wconf 82' lang='lat' dir='ltr'>Habetis</span> <span class='ocrx_word' id='word_1_120' title='bbox 347 1855 388 1920; x_wconf 88' lang='lat' dir='ltr'>de</span> <span class='ocrx_word' id='word_1_121' title='bbox 411 1856 613 1922; x_wconf 82' lang='lat' dir='ltr'>inveniendis</span> <span class='ocrx_word' id='word_1_122' title='bbox 636 1858 730 1922; x_wconf 86' lang='lat' dir='ltr'>rebus</span> <span class='ocrx_word' id='word_1_123' title='bbox 754 1856 1025 1940; x_wconf 89' lang='lat' dir='ltr'>disponendisque</span> <span class='ocrx_word' id='word_1_124' title='bbox 1049 1855 1125 1936; x_wconf 93' lang='lat' dir='ltr'>quid</span> <span class='ocrx_word' id='word_1_125' title='bbox 1144 1868 1195 1918; x_wconf 81' lang='lat' dir='ltr'>asc</span> 
     </span>
     <span class='ocr_line' id='line_1_17' title="bbox 79 1958 1123 2043; baseline 0.001 -20"><span class='ocrx_word' id='word_1_126' title='bbox 79 1958 229 2023; x_wconf 87' lang='lat' dir='ltr'>sentiam.</span> <span class='ocrx_word' id='word_1_127' title='bbox 275 1958 448 2043; x_wconf 89' lang='lat' dir='ltr'>adiungam</span> <span class='ocrx_word' id='word_1_128' title='bbox 472 1961 567 2025; x_wconf 91' lang='lat' dir='ltr'>ctiam</span> <span class='ocrx_word' id='word_1_129' title='bbox 591 1960 630 2026; x_wconf 90' lang='lat' dir='ltr'>de</span> <span class='ocrx_word' id='word_1_130' title='bbox 653 1961 813 2040; x_wconf 87' lang='lat' dir='ltr'>memoria,</span> <span class='ocrx_word' id='word_1_131' title='bbox 842 1967 877 2024; x_wconf 95' lang='lat' dir='ltr'>ut</span> <span class='ocrx_word' id='word_1_132' title='bbox 903 1961 1010 2026; x_wconf 89' lang='lat' dir='ltr'>labore</span> <span class='ocrx_word' id='word_1_133' title='bbox 1035 1958 1123 2024; x_wconf 82' lang='lat' dir='ltr'>Cras-</span> 
     </span>
     <span class='ocr_line' id='line_1_18' title="bbox 80 2061 1124 2147; baseline 0 -21"><span class='ocrx_word' id='word_1_134' title='bbox 80 2082 154 2126; x_wconf 87' lang='lat' dir='ltr'>sum</span> <span class='ocrx_word' id='word_1_135' title='bbox 183 2063 287 2127; x_wconf 92' lang='lat' dir='ltr'>levcm</span> <span class='ocrx_word' id='word_1_136' title='bbox 317 2083 421 2145; x_wconf 89' lang='lat' dir='ltr'>neque</span> <span class='ocrx_word' id='word_1_137' title='bbox 451 2065 480 2128; x_wconf 91' lang='lat' dir='ltr'>ei</span> <span class='ocrx_word' id='word_1_138' title='bbox 511 2066 681 2147; x_wconf 88' lang='lat' dir='ltr'>quicquam</span> <span class='ocrx_word' id='word_1_139' title='bbox 710 2063 797 2128; x_wconf 91' lang='lat' dir='ltr'>aliud</span> <span class='ocrx_word' id='word_1_140' title='bbox 828 2063 867 2128; x_wconf 90' lang='lat' dir='ltr'>de</span> <span class='ocrx_word' id='word_1_141' title='bbox 900 2085 960 2147; x_wconf 92' lang='lat' dir='ltr'>quo</span> <span class='ocrx_word' id='word_1_142' title='bbox 989 2061 1124 2127; x_wconf 88' lang='lat' dir='ltr'>disserat</span> 
     </span>
     <span class='ocr_line' id='line_1_19' title="bbox 78 2161 1185 2250; baseline 0.002 -22"><span class='ocrx_word' id='word_1_143' title='bbox 78 2165 261 2247; x_wconf 86' lang='lat' dir='ltr'>relinquam</span> <span class='ocrx_word' id='word_1_144' title='bbox 283 2167 344 2231; x_wconf 91' lang='lat' dir='ltr'>nisi</span> <span class='ocrx_word' id='word_1_145' title='bbox 367 2186 406 2231; x_wconf 91' lang='lat' dir='ltr'>ea</span> <span class='ocrx_word' id='word_1_146' title='bbox 428 2168 543 2248; x_wconf 90' lang='lat' dir='ltr'>quibus</span> <span class='ocrx_word' id='word_1_147' title='bbox 566 2167 646 2232; x_wconf 88' lang='lat' dir='ltr'>haec</span> <span class='ocrx_word' id='word_1_148' title='bbox 662 2161 875 2233; x_wconf 59' lang='lat' dir='ltr'>exornentur?</span> <span class='ocrx_word' id='word_1_149' title='bbox 913 2161 1020 2250; x_wconf 86' lang='lat' dir='ltr'>‘perge</span> <span class='ocrx_word' id='word_1_150' title='bbox 1036 2161 1123 2230; x_wconf 86' lang='lat' dir='ltr'>vero&#39;</span> <span class='ocrx_word' id='word_1_151' title='bbox 1148 2175 1185 2230; x_wconf 84' lang='grc'>86</span> 
     </span>
     <span class='ocr_line' id='line_1_20' title="bbox 79 2262 1123 2354; baseline -0.001 -22"><span class='ocrx_word' id='word_1_152' title='bbox 79 2269 187 2350; x_wconf 91' lang='lat' dir='ltr'>inquit</span> <span class='ocrx_word' id='word_1_153' title='bbox 210 2269 352 2335; x_wconf 83' lang='lat' dir='ltr'>Crassus.</span> <span class='ocrx_word' id='word_1_154' title='bbox 387 2262 532 2336; x_wconf 81' lang='lat' dir='ltr'>‘libenter</span> <span class='ocrx_word' id='word_1_155' title='bbox 547 2272 632 2335; x_wconf 89' lang='lat' dir='ltr'>enim</span> <span class='ocrx_word' id='word_1_156' title='bbox 647 2279 688 2351; x_wconf 87' lang='lat' dir='ltr'>te,</span> <span class='ocrx_word' id='word_1_157' title='bbox 706 2270 865 2354; x_wconf 88' lang='lat' dir='ltr'>cognitum</span> <span class='ocrx_word' id='word_1_158' title='bbox 880 2271 945 2333; x_wconf 90' lang='lat' dir='ltr'>iam</span> <span class='ocrx_word' id='word_1_159' title='bbox 960 2267 1123 2349; x_wconf 88' lang='lat' dir='ltr'>artificem,</span> 
     </span>
    </p>

    <p class='ocr_par' dir='ltr' id='par_1_5' title="bbox 27 2371 1229 2872">
     <span class='ocr_line' id='line_1_21' title="bbox 27 2371 1124 2460; baseline 0.006 -30"><span class='ocrx_word' id='word_1_160' title='bbox 27 2384 58 2431; x_wconf 81' lang='lat'>20</span> <span class='ocrx_word' id='word_1_161' title='bbox 79 2371 340 2460; x_wconf 71' lang='lat' dir='ltr'>aliquandolque]</span> <span class='ocrx_word' id='word_1_162' title='bbox 358 2375 516 2439; x_wconf 78' lang='lat' dir='ltr'>evolutum</span> <span class='ocrx_word' id='word_1_163' title='bbox 536 2375 597 2439; x_wconf 89' lang='lat' dir='ltr'>illis</span> <span class='ocrx_word' id='word_1_164' title='bbox 617 2374 843 2458; x_wconf 89' lang='lat' dir='ltr'>integumentis</span> <span class='ocrx_word' id='word_1_165' title='bbox 865 2372 1124 2438; x_wconf 87' lang='lat' dir='ltr'>dissimulationis</span> 
     </span>
     <span class='ocr_line' id='line_1_22' title="bbox 79 2473 1121 2564; baseline 0 -24"><span class='ocrx_word' id='word_1_166' title='bbox 79 2483 157 2541; x_wconf 91' lang='lat' dir='ltr'>tuae</span> <span class='ocrx_word' id='word_1_167' title='bbox 172 2475 389 2559; x_wconf 90' lang='lat' dir='ltr'>nudatumque</span> <span class='ocrx_word' id='word_1_168' title='bbox 405 2479 561 2562; x_wconf 90' lang='lat' dir='ltr'>perspicio</span> <span class='ocrx_word' id='word_1_169' title='bbox 574 2503 581 2562; x_wconf 78' lang='lat'><em>3</em></span> <span class='ocrx_word' id='word_1_170' title='bbox 606 2487 637 2544; x_wconf 88' lang='lat' dir='ltr'>ct</span> <span class='ocrx_word' id='word_1_171' title='bbox 652 2477 737 2560; x_wconf 92' lang='lat' dir='ltr'>quod</span> <span class='ocrx_word' id='word_1_172' title='bbox 752 2477 829 2542; x_wconf 94' lang='lat' dir='ltr'>mihi</span> <span class='ocrx_word' id='word_1_173' title='bbox 844 2477 923 2541; x_wconf 91' lang='lat' dir='ltr'>nihil</span> <span class='ocrx_word' id='word_1_174' title='bbox 939 2483 994 2541; x_wconf 91' lang='lat' dir='ltr'>aut</span> <span class='ocrx_word' id='word_1_175' title='bbox 1015 2473 1121 2564; x_wconf 78' lang='lat' dir='ltr'>[quod]</span> 
     </span>
     <span class='ocr_line' id='line_1_23' title="bbox 80 2576 1229 2666; baseline 0.002 -23"><span class='ocrx_word' id='word_1_176' title='bbox 80 2601 147 2645; x_wconf 90' lang='lat' dir='ltr'>non</span> <span class='ocrx_word' id='word_1_177' title='bbox 178 2581 311 2645; x_wconf 92' lang='lat' dir='ltr'>multum</span> <span class='ocrx_word' id='word_1_178' title='bbox 341 2582 501 2664; x_wconf 85' lang='lat' dir='ltr'>relinquis,</span> <span class='ocrx_word' id='word_1_179' title='bbox 534 2582 756 2666; x_wconf 88' lang='lat' dir='ltr'>percommode</span> <span class='ocrx_word' id='word_1_180' title='bbox 786 2582 867 2646; x_wconf 87' lang='lat' dir='ltr'>facis</span> <span class='ocrx_word' id='word_1_181' title='bbox 901 2588 1011 2662; x_wconf 88' lang='lat' dir='ltr'>estque</span> <span class='ocrx_word' id='word_1_182' title='bbox 1045 2580 1123 2645; x_wconf 92' lang='lat' dir='ltr'>mihi</span> <span class='ocrx_word' id='word_1_183' title='bbox 1223 2576 1229 2585; x_wconf 81' lang='lat'>&#39;</span> 
     </span>
     <span class='ocr_line' id='line_1_24' title="bbox 81 2677 1190 2768; baseline 0 -21"><span class='ocrx_word' id='word_1_184' title='bbox 81 2678 232 2768; x_wconf 69' lang='lat' dir='ltr'>gratum.²</span> <span class='ocrx_word' id='word_1_185' title='bbox 275 2677 349 2748; x_wconf 88' lang='lat' dir='ltr'>‘iam</span> <span class='ocrx_word' id='word_1_186' title='bbox 372 2685 453 2750; x_wconf 90' lang='lat' dir='ltr'>istuc</span> <span class='ocrx_word' id='word_1_187' title='bbox 476 2692 628 2767; x_wconf 87' lang='lat' dir='ltr'>quantum</span> <span class='ocrx_word' id='word_1_188' title='bbox 652 2686 710 2750; x_wconf 87' lang='lat' dir='ltr'>tibi</span> <span class='ocrx_word' id='word_1_189' title='bbox 733 2706 792 2768; x_wconf 88' lang='lat' dir='ltr'>ego</span> <span class='ocrx_word' id='word_1_190' title='bbox 808 2679 999 2766; x_wconf 79' lang='lat' dir='ltr'>reliquerim&#39;</span> <span class='ocrx_word' id='word_1_191' title='bbox 1015 2685 1123 2766; x_wconf 69' lang='lat' dir='ltr'>vinquit</span> <span class='ocrx_word' id='word_1_192' title='bbox 1141 2689 1190 2737; x_wconf 83' lang='lat'>351</span> 
     </span>
     <span class='ocr_line' id='line_1_25' title="bbox 81 2781 1123 2872; baseline 0.001 -22"><span class='ocrx_word' id='word_1_193' title='bbox 81 2787 243 2852; x_wconf 88' lang='lat' dir='ltr'>Antonius</span> <span class='ocrx_word' id='word_1_194' title='bbox 267 2781 336 2853; x_wconf 89' lang='lat' dir='ltr'>‘erit</span> <span class='ocrx_word' id='word_1_195' title='bbox 359 2789 392 2853; x_wconf 92' lang='lat' dir='ltr'>in</span> <span class='ocrx_word' id='word_1_196' title='bbox 415 2795 470 2852; x_wconf 91' lang='lat' dir='ltr'>tua</span> <span class='ocrx_word' id='word_1_197' title='bbox 492 2795 658 2872; x_wconf 86' lang='lat' dir='ltr'>potestate.</span> <span class='ocrx_word' id='word_1_198' title='bbox 706 2789 732 2853; x_wconf 89' lang='lat' dir='ltr'>si</span> <span class='ocrx_word' id='word_1_199' title='bbox 755 2789 840 2852; x_wconf 89' lang='lat' dir='ltr'>enim</span> <span class='ocrx_word' id='word_1_200' title='bbox 863 2808 937 2853; x_wconf 86' lang='lat' dir='ltr'>vere</span> <span class='ocrx_word' id='word_1_201' title='bbox 960 2807 1055 2871; x_wconf 88' lang='lat' dir='ltr'>agere</span> <span class='ocrx_word' id='word_1_202' title='bbox 1071 2807 1123 2852; x_wconf 87' lang='lat' dir='ltr'>vo-</span> 
     </span>
    </p>

    <p class='ocr_par' dir='ltr' id='par_1_6' title="bbox 28 2878 1159 3387">
     <span class='ocr_line' id='line_1_26' title="bbox 28 2878 1159 2974; baseline 0.002 -23"><span class='ocrx_word' id='word_1_203' title='bbox 28 2891 188 2970; x_wconf 76' lang='lat' dir='ltr'>uetueris,</span> <span class='ocrx_word' id='word_1_204' title='bbox 212 2892 319 2955; x_wconf 92' lang='lat' dir='ltr'>omnia</span> <span class='ocrx_word' id='word_1_205' title='bbox 340 2892 398 2956; x_wconf 91' lang='lat' dir='ltr'>tibi</span> <span class='ocrx_word' id='word_1_206' title='bbox 420 2892 579 2974; x_wconf 76' lang='lat' dir='ltr'>relinquo,</span> <span class='ocrx_word' id='word_1_207' title='bbox 604 2892 653 2957; x_wconf 90' lang='lat' dir='ltr'>sin</span> <span class='ocrx_word' id='word_1_208' title='bbox 677 2890 883 2972; x_wconf 89' lang='lat' dir='ltr'>dissimulare,</span> <span class='ocrx_word' id='word_1_209' title='bbox 908 2897 941 2955; x_wconf 91' lang='lat' dir='ltr'>tu</span> <span class='ocrx_word' id='word_1_210' title='bbox 964 2911 1058 2972; x_wconf 91' lang='lat' dir='ltr'>quem</span> <span class='ocrx_word' id='word_1_211' title='bbox 1080 2889 1121 2954; x_wconf 93' lang='lat' dir='ltr'>ad</span> <span class='ocrx_word' id='word_1_212' title='bbox 1157 2878 1159 2883; x_wconf 61' lang='grc'><strong>’</strong></span> 
     </span>
     <span class='ocr_line' id='line_1_27' title="bbox 80 2992 1121 3075; baseline 0 -18"><span class='ocrx_word' id='word_1_213' title='bbox 80 2992 213 3057; x_wconf 90' lang='lat' dir='ltr'>modum</span> <span class='ocrx_word' id='word_1_214' title='bbox 234 2993 284 3058; x_wconf 93' lang='lat' dir='ltr'>his</span> <span class='ocrx_word' id='word_1_215' title='bbox 307 2995 384 3060; x_wconf 89' lang='lat' dir='ltr'>satis</span> <span class='ocrx_word' id='word_1_216' title='bbox 406 2994 507 3059; x_wconf 85' lang='lat' dir='ltr'>facias</span> <span class='ocrx_word' id='word_1_217' title='bbox 529 2993 656 3060; x_wconf 89' lang='lat' dir='ltr'>videris.</span> <span class='ocrx_word' id='word_1_218' title='bbox 705 2993 770 3075; x_wconf 90' lang='lat' dir='ltr'>sed,</span> <span class='ocrx_word' id='word_1_219' title='bbox 794 3001 829 3058; x_wconf 89' lang='lat' dir='ltr'>ut</span> <span class='ocrx_word' id='word_1_220' title='bbox 843 2993 885 3056; x_wconf 93' lang='lat' dir='ltr'>ad</span> <span class='ocrx_word' id='word_1_221' title='bbox 900 3015 966 3058; x_wconf 90' lang='lat' dir='ltr'>rem</span> <span class='ocrx_word' id='word_1_222' title='bbox 981 2993 1121 3075; x_wconf 87' lang='lat' dir='ltr'>redeam,</span> 
     </span>
     <span class='ocr_line' id='line_1_28' title="bbox 83 3091 1122 3183; baseline 0.002 -23"><span class='ocrx_word' id='word_1_223' title='bbox 83 3117 149 3161; x_wconf 90' lang='lat' dir='ltr'>non</span> <span class='ocrx_word' id='word_1_224' title='bbox 173 3117 242 3162; x_wconf 92' lang='lat' dir='ltr'>sum</span> <span class='ocrx_word' id='word_1_225' title='bbox 264 3105 353 3164; x_wconf 91' lang='lat' dir='ltr'>tanto</span> <span class='ocrx_word' id='word_1_226' title='bbox 376 3095 446 3183; x_wconf 85' lang='lat' dir='ltr'>cgo&#39;</span> <span class='ocrx_word' id='word_1_227' title='bbox 469 3099 572 3180; x_wconf 92' lang='lat' dir='ltr'>inquit</span> <span class='ocrx_word' id='word_1_228' title='bbox 595 3091 734 3180; x_wconf 84' lang='lat' dir='ltr'>‘ingenio</span> <span class='ocrx_word' id='word_1_229' title='bbox 757 3104 875 3179; x_wconf 89' lang='lat' dir='ltr'>quanto</span> <span class='ocrx_word' id='word_1_230' title='bbox 891 3096 1122 3162; x_wconf 89' lang='lat' dir='ltr'>Themistocles</span> 
     </span>
     <span class='ocr_line' id='line_1_29' title="bbox 80 3200 1122 3284; baseline -0.002 -20"><span class='ocrx_word' id='word_1_231' title='bbox 80 3200 152 3281; x_wconf 88' lang='lat' dir='ltr'>fuit,</span> <span class='ocrx_word' id='word_1_232' title='bbox 174 3207 210 3264; x_wconf 89' lang='lat' dir='ltr'>ut</span> <span class='ocrx_word' id='word_1_233' title='bbox 225 3201 392 3268; x_wconf 89' lang='lat' dir='ltr'>oblivionis</span> <span class='ocrx_word' id='word_1_234' title='bbox 408 3209 508 3266; x_wconf 89' lang='lat' dir='ltr'>artem</span> <span class='ocrx_word' id='word_1_235' title='bbox 524 3222 620 3284; x_wconf 91' lang='lat' dir='ltr'>quam</span> <span class='ocrx_word' id='word_1_236' title='bbox 636 3201 806 3266; x_wconf 88' lang='lat' dir='ltr'>memoriae</span> <span class='ocrx_word' id='word_1_237' title='bbox 825 3200 950 3283; x_wconf 74' lang='lat' dir='ltr'>malim3</span> <span class='ocrx_word' id='word_1_238' title='bbox 973 3201 1122 3282; x_wconf 87' lang='lat' dir='ltr'>gratiam-</span> 
     </span>
     <span class='ocr_line' id='line_1_30' title="bbox 80 3303 1121 3387; baseline -0.002 -20"><span class='ocrx_word' id='word_1_239' title='bbox 80 3324 145 3386; x_wconf 91' lang='lat' dir='ltr'>que</span> <span class='ocrx_word' id='word_1_240' title='bbox 167 3303 271 3370; x_wconf 90' lang='lat' dir='ltr'>habeo</span> <span class='ocrx_word' id='word_1_241' title='bbox 295 3304 449 3371; x_wconf 85' lang='lat' dir='ltr'>Simonidi</span> <span class='ocrx_word' id='word_1_242' title='bbox 472 3304 517 3368; x_wconf 92' lang='lat' dir='ltr'>illi</span> <span class='ocrx_word' id='word_1_243' title='bbox 540 3305 607 3384; x_wconf 76' lang='lat' dir='ltr'>(lio,</span> <span class='ocrx_word' id='word_1_244' title='bbox 631 3324 725 3385; x_wconf 89' lang='lat' dir='ltr'>quem</span> <span class='ocrx_word' id='word_1_245' title='bbox 748 3303 883 3387; x_wconf 90' lang='lat' dir='ltr'>primum</span> <span class='ocrx_word' id='word_1_246' title='bbox 899 3303 1005 3367; x_wconf 87' lang='lat' dir='ltr'>ferunt</span> <span class='ocrx_word' id='word_1_247' title='bbox 1021 3307 1121 3366; x_wconf 90' lang='lat' dir='ltr'>artem</span> 
     </span>
    </p>

    <p class='ocr_par' dir='ltr' id='par_1_7' title="bbox 30 3405 1190 3803">
     <span class='ocr_line' id='line_1_31' title="bbox 30 3405 1190 3493; baseline -0.004 -21"><span class='ocrx_word' id='word_1_248' title='bbox 30 3420 63 3467; x_wconf 84' lang='lat'>30</span> <span class='ocrx_word' id='word_1_249' title='bbox 81 3410 253 3473; x_wconf 90' lang='lat' dir='ltr'>memoriae</span> <span class='ocrx_word' id='word_1_250' title='bbox 276 3410 452 3493; x_wconf 88' lang='lat' dir='ltr'>protulisse.</span> <span class='ocrx_word' id='word_1_251' title='bbox 500 3407 609 3472; x_wconf 90' lang='lat' dir='ltr'>dicunt</span> <span class='ocrx_word' id='word_1_252' title='bbox 640 3409 734 3488; x_wconf 92' lang='lat' dir='ltr'>enim,</span> <span class='ocrx_word' id='word_1_253' title='bbox 766 3427 837 3471; x_wconf 93' lang='lat' dir='ltr'>cum</span> <span class='ocrx_word' id='word_1_254' title='bbox 869 3411 997 3472; x_wconf 89' lang='lat' dir='ltr'>cenaret</span> <span class='ocrx_word' id='word_1_255' title='bbox 1028 3405 1122 3469; x_wconf 79' lang='lat' dir='ltr'>Gran·</span> <span class='ocrx_word' id='word_1_256' title='bbox 1141 3412 1190 3460; x_wconf 82' lang='lat'>352</span> 
     </span>
     <span class='ocr_line' id='line_1_32' title="bbox 81 3507 1122 3595; baseline -0.006 -19"><span class='ocrx_word' id='word_1_257' title='bbox 81 3531 166 3577; x_wconf 89' lang='lat' dir='ltr'>none</span> <span class='ocrx_word' id='word_1_258' title='bbox 189 3512 222 3576; x_wconf 92' lang='lat' dir='ltr'>in</span> <span class='ocrx_word' id='word_1_259' title='bbox 245 3512 410 3578; x_wconf 83' lang='lat' dir='ltr'>Thessalia</span> <span class='ocrx_word' id='word_1_260' title='bbox 434 3511 613 3578; x_wconf 84' lang='lat' dir='ltr'>Simonides</span> <span class='ocrx_word' id='word_1_261' title='bbox 643 3511 729 3595; x_wconf 91' lang='lat' dir='ltr'>apud</span> <span class='ocrx_word' id='word_1_262' title='bbox 759 3511 897 3593; x_wconf 78' lang='lat' dir='ltr'>Scopam</span> <span class='ocrx_word' id='word_1_263' title='bbox 928 3507 1122 3571; x_wconf 87' lang='lat' dir='ltr'>fortunatum</span> 
     </span>
     <span class='ocr_line' id='line_1_33' title="bbox 83 3610 1122 3696; baseline -0.006 -17"><span class='ocrx_word' id='word_1_264' title='bbox 83 3616 245 3681; x_wconf 90' lang='lat' dir='ltr'>hominem</span> <span class='ocrx_word' id='word_1_265' title='bbox 275 3623 306 3680; x_wconf 93' lang='lat' dir='ltr'>et</span> <span class='ocrx_word' id='word_1_266' title='bbox 336 3616 474 3681; x_wconf 92' lang='lat' dir='ltr'>nobilem</span> <span class='ocrx_word' id='word_1_267' title='bbox 505 3615 734 3696; x_wconf 84' lang='lat' dir='ltr'>cecinissetque</span> <span class='ocrx_word' id='word_1_268' title='bbox 763 3613 797 3677; x_wconf 90' lang='lat' dir='ltr'>id</span> <span class='ocrx_word' id='word_1_269' title='bbox 820 3631 947 3676; x_wconf 89' lang='lat' dir='ltr'>carmen</span> <span class='ocrx_word' id='word_1_270' title='bbox 979 3610 1062 3693; x_wconf 90' lang='lat' dir='ltr'>quod</span> <span class='ocrx_word' id='word_1_271' title='bbox 1089 3611 1122 3674; x_wconf 92' lang='lat' dir='ltr'>in</span> 
     </span>
     <span class='ocr_line' id='line_1_34' title="bbox 83 3715 1123 3803; baseline -0.006 -21"><span class='ocrx_word' id='word_1_272' title='bbox 83 3738 156 3783; x_wconf 91' lang='lat' dir='ltr'>eum</span> <span class='ocrx_word' id='word_1_273' title='bbox 179 3719 366 3803; x_wconf 87' lang='lat' dir='ltr'>scripsisset,</span> <span class='ocrx_word' id='word_1_274' title='bbox 390 3720 423 3783; x_wconf 94' lang='lat' dir='ltr'>in</span> <span class='ocrx_word' id='word_1_275' title='bbox 446 3739 508 3800; x_wconf 91' lang='lat' dir='ltr'>quo</span> <span class='ocrx_word' id='word_1_276' title='bbox 539 3719 638 3782; x_wconf 86' lang='lat' dir='ltr'>multa</span> <span class='ocrx_word' id='word_1_277' title='bbox 669 3715 802 3782; x_wconf 89' lang='lat' dir='ltr'>ornandi</span> <span class='ocrx_word' id='word_1_278' title='bbox 832 3735 930 3780; x_wconf 89' lang='lat' dir='ltr'>causa</span> <span class='ocrx_word' id='word_1_279' title='bbox 959 3719 1123 3797; x_wconf 71' lang='lat' dir='ltr'>poetarum</span> 
     </span>
    </p>
   </div>
   <div class='ocr_carea' id='block_1_3' title="bbox 84 3817 1123 3969">
    <p class='ocr_par' dir='ltr' id='par_1_8' title="bbox 84 3817 1123 3969">
     <span class='ocr_line' id='line_1_35' title="bbox 84 3817 1123 3904; baseline -0.006 -18"><span class='ocrx_word' id='word_1_280' title='bbox 84 3843 169 3888; x_wconf 90' lang='lat' dir='ltr'>more</span> <span class='ocrx_word' id='word_1_281' title='bbox 198 3824 232 3887; x_wconf 89' lang='lat' dir='ltr'>in</span> <span class='ocrx_word' id='word_1_282' title='bbox 263 3823 426 3888; x_wconf 76' lang='lat' dir='ltr'>Castorem</span> <span class='ocrx_word' id='word_1_283' title='bbox 457 3822 573 3904; x_wconf 89' lang='lat' dir='ltr'>scripta</span> <span class='ocrx_word' id='word_1_284' title='bbox 603 3828 634 3885; x_wconf 88' lang='lat' dir='ltr'>et</span> <span class='ocrx_word' id='word_1_285' title='bbox 664 3821 823 3884; x_wconf 90' lang='lat' dir='ltr'>Pollucem</span> <span class='ocrx_word' id='word_1_286' title='bbox 843 3817 999 3898; x_wconf 74' lang='lat' dir='ltr'>tuissent,</span> <span class='ocrx_word' id='word_1_287' title='bbox 1023 3817 1123 3902; x_wconf 65' lang='lat' dir='ltr'>{nimis</span> 
     </span>
     <span class='ocr_line' id='line_1_36' title="bbox 916 3918 966 3969; baseline -0.04 0"><span class='ocrx_word' id='word_1_288' title='bbox 916 3918 966 3969; x_wconf 69' lang='lat' dir='ltr'>11r</span> 
     </span>
    </p>
   </div>
   <div class='ocr_carea' id='block_1_4' title="bbox 0 0 1422 4114">
    <p class='ocr_par' dir='ltr' id='par_1_9' title="bbox 0 0 1422 4114">
     <span class='ocr_line' id='line_1_37' title="bbox 0 0 1422 4114; baseline 0 0"><span class='ocrx_word' id='word_1_289' title='bbox 0 0 1422 4114; x_wconf 95' lang='lat' dir='ltr'> </span> 
     </span>
    </p>
   </div>
  </div>
 </body>
</html>
