2836 4114
265 183 326 250 196
484 199 597 255 LIBER
610 199 662 255 111.
688 198 771 254 cAP.
783 200 896 256 25-26.
920 203 936 264 ἐ
947 201 1076 256 99-102.

263 376 309 442 uti
331 382 386 441 aut
408 375 478 441 cibo
502 373 587 440 dulci
610 373 729 440 diutius
745 374 874 458 potest?
899 393 972 439 cum
987 380 1120 456 utroque
1135 372 1170 438 in
1185 393 1309 458 genere
1389 314 1391 408 1

264 499 302 546 ea
323 499 406 563 quae
427 479 540 544 leviter
561 497 690 544 sensum
713 477 877 562 voluptate
899 484 1049 543 moveant
1077 477 1230 543 facillime
1260 477 1309 542 fu·
1391 428 1392 520 1

196 593 246 642 1oo
261 584 353 668 giant
375 583 562 656 satietatem.
608 581 654 647 sio
681 582 828 648 omnibus
849 582 883 647 in
899 583 994 648 rebus
1009 581 1228 666 voluptatibus
1243 603 1310 646 ma·

263 687 358 752 ximis
379 685 542 752 fastidium
563 685 733 750 finitimum
756 691 813 753 est.
862 705 924 768 quo
954 684 1015 751 hoo
1045 685 1150 750 minus
1180 685 1216 750 in
1239 706 1308 752 ora·
1393 658 1394 744 1

263 791 349 857 tione
371 792 530 871 miremur,
552 789 586 855 in
610 810 675 873 qua
696 789 748 854 rel
769 810 812 856 ex
842 789 944 874 postis
975 788 1027 855 vel
1053 809 1096 855 ex
1125 790 1343 856 oratoribus5
1394 772 1395 858 1

263 913 429 979 possumus
452 891 592 958 iudicare
624 893 822 974 concinnam,
853 892 1044 974 distinctam,
1074 899 1231 975 ornatam,
1263 893 1308 959 fe·
1395 886 1396 952 1

263 999 396 1079 stivam,
434 997 503 1064 sinc
532 996 782 1078 intermissione,
823 995 894 1062 sine
934 995 1196 1080 reprehensione,
1236 997 1307 1063 sine
1396 1003 1397 1028 ¹

263 1102 427 1182 varietate,
465 1100 610 1183 quamvis
645 1100 738 1166 claris
771 1100 812 1165 sit
842 1100 997 1167 coloribus
1031 1100 1117 1185 picta
1150 1101 1203 1166 vel
1233 1108 1307 1186 poe:-
1397 1116 1398 1140 ¹

263 1205 307 1270 sis
329 1205 381 1270 vel
403 1204 512 1286 oratio,
536 1224 600 1268 non
622 1224 716 1288 posse
738 1205 772 1269 in
802 1203 1013 1270 delectatione
1044 1224 1114 1270 esse
1144 1203 1305 1270 diuturna.
1398 1230 1399 1236 ¹

264 1315 360 1391 atque
389 1328 427 1374 eo
457 1307 549 1372 citius
579 1307 614 1372 in
644 1308 776 1373 oratoris
805 1314 860 1373 aut
890 1308 925 1372 in
946 1314 1061 1392 poetae
1088 1307 1245 1374 cincinnis
1267 1329 1307 1374 ac
1328 1322 1364 1369 ro

263 1411 336 1477 ineo
358 1410 538 1492 offenditur,
562 1409 647 1493 quod
672 1431 783 1478 sensus
806 1411 840 1475 in
870 1411 970 1477 nimia
991 1411 1154 1496 voluptate
1181 1419 1306 1494 natura,

264 1536 328 1582 non
350 1522 457 1581 mente
479 1515 651 1601 satiantur,
675 1515 710 1581 in
733 1515 858 1600 scriptis
882 1521 913 1580 et
936 1515 970 1580 in
992 1514 1085 1581 dictis
1101 1535 1165 1581 non
1182 1516 1307 1581 aurium

264 1621 374 1702 solum,
397 1618 454 1687 sed
476 1619 576 1685 animi
599 1619 717 1685 iudicio
741 1620 837 1685 etiam
860 1619 963 1704 magis
986 1618 1127 1685 infucata
1150 1621 1230 1685 vitia
1251 1641 1307 1686 no-

197 1698 245 1821 foi
264 1731 401 1792 suuntur.
448 1745 512 1808 qua
545 1743 579 1790 re
614 1725 716 1791 ‘bene'
752 1731 783 1790 et
818 1725 998 1809 ‘praeclare'
1032 1725 1179 1808 quamvis
1211 1725 1307 1792 nobis

264 1849 360 1914 saepe
393 1827 535 1914 dicatur,
571 1829 673 1894 ‘belle'
704 1835 737 1894 et
767 1827 900 1894 ‘festive'
932 1828 1062 1896 nimium
1093 1848 1189 1913 saepe
1219 1829 1364 1896 nolula

265 1954 456 2017 quamquam
477 1934 532 1998 illa
552 1933 624 2017 ipsa
646 1932 838 1999 exclamatio
870 1936 944 1998 ‘non
975 1939 1079 2017 potest
1109 1932 1232 1998 melius'
1264 1935 1307 2000 sit

222 2071 225 2078 =
264 2039 361 2104 veiim
383 2039 510 2123 crebra;
534 2036 591 2104 sed
614 2036 732 2103 habeat
754 2043 862 2102 tamar
884 2037 938 2102 illa
960 2037 993 2101 in
1016 2036 1152 2104 dicendo
1171 2036 1308 2104 admira·

265 2143 309 2208 tio
339 2163 378 2208 ac
406 2163 531 2209 summa
559 2143 629 2208 laus
662 2142 807 2206 umbram
828 2141 969 2224 aliquam
992 2148 1024 2207 et
1050 2160 1220 2223 recessum,
1244 2163 1308 2226 quo

265 2247 367 2332 magis
388 2246 422 2312 id
445 2246 529 2330 quod
552 2247 611 2313 erit
641 2246 866 2312 inluminatum
895 2251 1005 2311 extare
1037 2253 1133 2330 atque
1164 2247 1307 2314 eminere

198 2363 246 2411 102
265 2352 418 2418 udeatur.
464 2372 637 2434 numquam
660 2352 728 2436 agit
750 2351 835 2416 huno
857 2370 982 2417 versum
1004 2352 1136 2418 Roscius
1160 2371 1197 2418 eo
1212 2359 1309 2436 gestu
1328 2363 1364 2412 20

266 2475 328 2538 quo
350 2462 471 2540 potest:
968 2449 970 2454 ’

308 2562 383 2623 nam
405 2559 534 2643 sapiens
548 2557 657 2622 virtuti
674 2556 826 2624 honorem
842 2559 1028 2643 praemium,
1045 2558 1131 2623 haud
1154 2559 1309 2643 praedam

741 2663 837 2747 petit:

266 2766 323 2834 sed
345 2766 443 2832 abicit
464 2786 600 2850 prorsus,
624 2772 659 2830 ut
681 2766 715 2831 in
738 2767 900 2851 proximo:

310 2873 358 2938 set
380 2870 457 2953 quid
478 2869 598 2937 video?
621 2870 703 2935 ferro
727 2877 856 2956 saeptus
879 2870 1019 2956 possidet
1041 2871 1133 2938 sedes
1156 2891 1275 2955 sacras,
1329 2883 1362 2932 2⁵

265 2976 385 3044 incidat
406 2975 541 3060 aspiciat
562 2973 737 3042 admiretur
753 2981 922 3061 stupescat.
963 2975 1065 3058 quid?
1088 2976 1141 3041 iile
1162 2975 1262 3042 alter:

309 3080 385 3164 quid
406 3086 514 3164 petam
536 3079 701 3165 praesidi?
1182 3165 1186 3172 Ι

267 3206 361 3270 quam
383 3184 505 3265 leniter,
530 3203 624 3266 quam
647 3183 790 3268 remisse,
814 3203 909 3266 quam
938 3204 1001 3249 non
1032 3185 1177 3250 actuose!
1209 3184 1310 3252 instat

267 3290 352 3356 enim

310 3379 451 3459 opater,
475 3397 493 3441 o
516 3375 629 3459 patria,
653 3395 671 3440 o
695 3373 813 3438 Priami
836 3372 964 3438 domus!
1328 3389 1362 3438 so

267 3495 300 3558 in
323 3514 384 3575 quo
407 3502 497 3560 tanta
519 3494 710 3561 commoveri
732 3494 814 3559 actio
837 3514 901 3559 non
925 3501 1040 3579 posset,
1064 3495 1091 3560 si
1122 3501 1206 3561 esset
1238 3516 1310 3562 eou-

268 3601 393 3679 sumpta
416 3598 576 3681 superiore
599 3603 686 3661 motu
710 3602 742 3660 et
772 3595 937 3662 exhausta.
986 3618 1090 3680 neque
1120 3597 1152 3662 id
1183 3604 1310 3667 actores

268 3699 354 3784 prius
376 3697 523 3763 viderunt
545 3719 642 3780 quam
665 3699 727 3782 ipsi
749 3705 873 3781 poetae,
901 3720 997 3781 quam
1027 3699 1164 3783 denique
1190 3701 1237 3767 illi
1266 3711 1310 3770 et·

268 3802 333 3866 iam
355 3800 409 3883 qui
431 3800 574 3866 fecerunt
597 3800 726 3867 modos:
750 3820 771 3864 a
793 3801 908 3883 quibus
929 3803 1070 3885 utrisque
1101 3806 1310 3874 summittitur
