2834 4110
308 183 477 239 1111111111.
508 184 591 239 cAP.
610 186 721 240 ao-ar.
752 187 932 250 sno-114.
1097 169 1139 232 99

121 353 221 438 inquo
243 359 329 423 nulla
355 365 459 443 potest
486 379 557 424 esse
579 358 641 424 nisi
665 380 706 424 ex
736 360 887 444 ambiguo
915 359 1138 426 controversia.

119 479 179 524 nam
200 462 273 528 illud
304 464 419 547 ipsum,
451 462 536 545 quod
566 464 718 547 scriptum
740 483 761 528 a
783 464 941 529 sententia
971 464 1139 547 discrepat,
1161 475 1180 525 a

118 583 205 644 genus
231 566 389 649 quoddam
419 567 517 632 habet
545 567 706 652 ambigui,
738 567 822 650 quod
852 575 919 632 tum
952 568 1139 652 explicatur,

120 685 179 732 oum
203 689 240 735 ea
261 672 361 736 verba
388 692 471 753 quae
502 671 617 738 desunt
646 680 799 756 suggesta
828 681 911 753 sunt,
943 673 1057 756 quibus
1087 671 1140 736 ad-

93 769 182 837 editis
212 773 392 840 defenditur
422 777 612 841 sententiam
643 777 752 861 scripti
790 778 990 861 perspicuam
1023 777 1139 861 fnisse;

117 893 151 938 er
169 880 392 962 contrariisque
415 881 541 964 scriptis
564 881 591 945 si
614 880 691 963 quid
720 869 902 965 ambigitur,
934 903 997 947 non
1021 901 1140 947 novum

116 997 203 1059 genus
223 984 373 1064 nascitur,
397 983 455 1049 sed
478 984 649 1068 superioris
671 985 798 1068 generis
822 1005 919 1050 causa
946 985 1139 1071 duplicatur,

116 1081 197 1165 idque
217 1094 272 1153 aut
294 1107 469 1169 numquam
492 1087 658 1153 diiudicari
689 1089 804 1172 poterit
832 1097 887 1154 aut
917 1091 962 1154 ita
991 1088 1141 1154 diiudica-

115 1185 194 1270 bitur,
217 1197 250 1254 ut
272 1191 455 1280 referendis
474 1192 653 1276 praeteritis
675 1193 782 1259 verbis
803 1192 837 1257 id
861 1193 1021 1278 scriptum,
1046 1192 1141 1276 quod·
1232 1165 1261 1258 1

78 1309 234 1376 locumque
256 1294 477 1376 defendemus,
501 1297 693 1390 suppleatur.
743 1296 789 1361 ita
811 1297 846 1361 fit
867 1305 903 1362 nt
925 1317 1024 1362 unum
1039 1317 1141 1381 genus

114 1392 141 1458 in
167 1396 203 1463 iis
228 1400 333 1465 causis
365 1421 447 1483 quae
476 1387 610 1485 propter
634 1401 786 1487 scriptum
815 1403 1021 1487 ambiguntur
1050 1401 1142 1466 relin-

113 1507 223 1584 quatur,
253 1505 281 1569 si
311 1512 360 1570 est
392 1505 543 1589 scriptum
566 1505 687 1589 aliquid
717 1507 876 1591 ambigue.
921 1507 1143 1590 ambiguorum
1162 1520 1209 1567 111

112 1617 208 1671 autem
231 1628 302 1672 cum
324 1611 417 1693 plura
449 1629 569 1693 genera
601 1616 684 1691 sunt,
716 1631 798 1692 quae
832 1611 909 1676 mihi
943 1609 1092 1675 videntur
1119 1609 1142 1672 ii

112 1710 214 1778 melius
235 1734 330 1780 nosse
353 1715 407 1796 qui
430 1713 587 1780 dialectici
609 1715 820 1800 appellantur,
852 1716 1014 1780 hiantem
1042 1715 1142 1780 nostri

74 1831 96 1876 15
111 1811 255 1898 ignorare,
287 1819 341 1900 qui
368 1839 432 1883 non
463 1819 568 1884 minus
597 1839 691 1885 nosse
715 1818 863 1901 debeant,
893 1826 961 1883 tum
993 1816 1071 1881 illud
1094 1825 1143 1882 est

111 1915 392 2001 frequentissimum
414 1923 447 1987 in
471 1924 557 1989 omni
581 1923 810 1989 consuetudine
832 1925 884 1988 vel
907 1923 1060 1988 sermonis
1090 1923 1142 1986 vel

111 2023 220 2107 scripti,
244 2046 315 2090 oum
337 2025 455 2093 idcirco
478 2027 599 2109 aliquid
620 2027 801 2112 ambigitur,
826 2027 910 2111 quod
932 2031 987 2090 aut
1009 2025 1142 2090 verbum

110 2133 160 2190 aut
180 2131 277 2194 verba
300 2131 365 2195 sint
379 2132 612 2215 praetermissa.
651 2133 765 2197 iterum
785 2139 893 2196 autem
908 2135 1053 2216 peccant,
1070 2150 1142 2194 cum
1162 2143 1211 2190 112

109 2249 204 2311 genus
217 2233 277 2298 hoc
298 2253 474 2316 causarum,
499 2235 583 2317 quod
605 2236 638 2300 in
662 2235 770 2318 scripti
792 2234 1052 2318 interpretatione
1075 2254 1142 2299 ver-

70 2348 96 2398 ro
111 2341 203 2417 satur,
225 2338 265 2402 ab
288 2338 350 2402 illis
373 2340 488 2420 causis,
515 2339 687 2421 inquibus
718 2340 820 2420 qualis
847 2359 993 2423 quaeque
1020 2359 1071 2405 res
1102 2338 1143 2404 sit

108 2437 305 2525 disceptatur,
343 2443 522 2526 seiungunt.
576 2463 734 2526 nusquam
764 2444 850 2508 enim
883 2449 948 2509 tam
982 2444 1144 2526 quaeritur

109 2545 197 2623 quale
218 2547 258 2611 sit
280 2567 383 2630 genus
406 2548 510 2632 ipsum
532 2549 577 2612 rei
601 2567 696 2630 quam
719 2546 753 2610 in
776 2549 903 2632 scripto,
935 2547 1019 2632 quod
1041 2554 1142 2614 totum

108 2647 219 2714 asacti
241 2652 458 2717 controversia
480 2659 662 2736 separatum
685 2656 742 2716 est.
788 2652 835 2717 ita
849 2653 910 2717 tria
926 2659 999 2720 sunt
1015 2653 1142 2717 omnino
1164 2665 1212 2712 113

108 2771 223 2833 genera
244 2776 326 2837 quae
348 2755 382 2820 in
405 2756 667 2842 disceptationem
695 2761 726 2820 et
750 2759 998 2824 controversiam
1028 2756 1142 2822 cadere
1204 2799 1220 2813 a

65 2875 92 2924 aa
108 2842 245 2936 possint:
269 2851 359 2942 ‘quid
380 2859 437 2924 fiat
459 2859 578 2925 factum
600 2860 783 2925 futurumve
805 2856 857 2926 sit'
879 2868 935 2927 aut
962 2853 1068 2943 ‘quale
1092 2857 1143 2925 sit²

107 2966 161 3024 aut
182 2953 252 3043 ‘quo
275 2963 369 3029 modo
393 2958 592 3028 nominetur'.
638 2983 713 3027 nam
743 2962 778 3027 id
807 2962 936 3046 quidem
966 2964 1052 3046 quod
1079 2964 1143 3046 qui-

108 3061 181 3127 dam
201 3065 315 3132 Graeci
337 3066 527 3151 adiungunt,
550 3059 689 3132 ‘rectene
713 3065 832 3130 factum
855 3063 918 3148 sit,³
940 3073 1040 3132 totum
1055 3067 1088 3131 in
1105 3087 1143 3132 eo

108 3174 153 3232 est
177 3161 278 3251 ‘quale
301 3167 362 3236 sit'.
409 3171 466 3236 sed
488 3171 553 3236 iam
583 3170 626 3235 ad
655 3170 834 3235 institutum
863 3179 1004 3237 revertar
1026 3191 1140 3236 meum.
1166 3177 1201 3232 27

207 3274 285 3340 Cum
307 3275 405 3358 igitur
431 3282 568 3360 accepta
598 3295 695 3340 causa
725 3281 757 3340 et
778 3296 897 3359 genere
928 3275 1053 3358 cognito
1076 3285 1214 3340 rem114

63 3393 91 3442 ao
107 3381 237 3444 tractare
260 3381 360 3464 coepi,
383 3379 463 3444 nihil
485 3381 572 3464 prius
595 3379 751 3445 constituo
775 3400 870 3462 quam
894 3377 968 3461 quid
992 3378 1032 3442 sit
1054 3377 1142 3458 illud,

108 3499 168 3560 quo
193 3483 270 3548 mihi
297 3484 338 3548 sit
364 3484 536 3549 referunda
562 3483 665 3548 omnis
691 3483 747 3547 illa
769 3483 878 3563 oratio,
903 3501 983 3563 quae
1012 3480 1052 3545 sit
1075 3501 1143 3564 pro

106 3583 175 3666 pria
196 3587 389 3668 quaestionis
406 3594 438 3651 et
452 3587 571 3652 iudicii.
616 3586 731 3652 deinde
754 3586 809 3650 illa
823 3585 885 3649 duo
900 3583 1143 3666 diligentissime

108 3689 280 3772 considere,
308 3711 439 3774 quorum
468 3691 602 3755 alterum
625 3687 929 3753 commendationem
952 3683 1050 3748 habet
1073 3704 1142 3749 nos·

106 3797 262 3860 tramant
285 3815 393 3861 eorum
416 3814 495 3877 quos
518 3791 728 3870 defendimus,
752 3790 885 3852 alterum
900 3792 949 3850 est
964 3785 1143 3919 {doommo

952 3891 966 3937 1
