2836 4114
335 201 446 255 niuno
458 202 509 256 111.
535 201 617 256 ono.
632 206 664 259 ro
677 206 742 258 -11.
766 206 904 267 sar-41.
1072 185 1131 248 179

87 393 203 458 genus
232 375 366 458 exprimi
396 377 562 457 sentiretis,
594 375 677 459 quod
708 377 848 441 maxime
878 377 954 440 milri
977 376 1039 461 ipsi
1066 395 1133 460 pro·

88 478 237 542 baretur.

205 581 288 664 Ergo
311 581 390 647 haec
413 583 592 666 elegenda
615 585 750 650 suntab
774 591 908 663 oratore,
933 603 1014 666 quae
1037 583 1134 665 expli-

92 683 187 748 cavit
207 684 372 767 Antonius,
396 694 427 750 et
450 686 586 752 dicenda
602 687 738 768 quodam
753 687 855 752 modo.
895 687 1023 768 quinam
1039 685 1136 769 igitur

56 800 72 846 a
92 787 229 852 dicendi
252 794 301 854 est
321 789 433 855 modus
455 791 566 856 melior
588 829 630 838 -
653 811 727 856 nam
743 791 783 855 de
799 790 925 856 actione
938 795 1010 873 post
1025 787 1135 853 videro

96 927 147 937 —
169 910 262 972 quam
284 899 318 956 ut
340 893 462 974 Latine,
486 899 522 958 ut
543 895 647 978 plane,
671 901 706 958 ut
728 900 847 975 ornate,
872 900 906 958 ut
928 892 970 957 ad
992 891 1024 956 id
1041 890 1136 973 quod·

95 1013 236 1076 cumque
272 1002 384 1079 agetur
420 1002 494 1081 apte
528 1003 798 1082 congruenterque
836 996 1003 1062 dieamus?
1041 1001 1137 1076 atque
1155 1004 1189 1053 38

96 1117 211 1162 eorum
234 1098 360 1181 quidem
390 1120 472 1182 quae
506 1100 568 1168 duo
595 1102 697 1186 prima
719 1099 787 1165 dixi
816 1101 971 1166 rationem
1006 1120 1070 1165 non
1093 1118 1138 1162 ar-

96 1200 202 1264 bitror
224 1203 383 1285 expectari
406 1225 426 1268 a
447 1224 509 1285 me,
533 1205 603 1289 puri
625 1202 818 1286 dilucidique
834 1204 996 1270 neumenia.
1035 1221 1139 1285 neque

43 1319 75 1363 10
98 1303 191 1368 enim
220 1324 370 1370 conamur
400 1306 514 1373 docere
544 1329 616 1374 eum
647 1307 763 1389 dicere,
796 1308 849 1390 qui
884 1308 969 1391 loqui
1000 1305 1138 1389 neseiat;

99 1426 163 1472 neo
187 1425 322 1490 sperare,
354 1411 407 1491 qui
430 1411 542 1476 Latine
576 1433 640 1476 non
670 1411 779 1494 possit,
811 1411 896 1475 hunc
927 1416 1036 1475 ornate
1070 1397 1140 1474 esse

100 1509 278 1594 dicturum;
302 1533 404 1594 neque
427 1534 512 1594 vero,
536 1515 590 1597 qui
613 1536 675 1580 non
699 1514 784 1578 dicat
807 1514 892 1596 quod
907 1515 1140 1595 intellegamus,

101 1611 190 1683 hunc
219 1635 312 1697 posse
343 1615 427 1697 quod
455 1616 647 1682 admiremur
676 1617 790 1682 dicere.
836 1617 1015 1699 linquamus
1044 1615 1142 1696 igitur

101 1714 195 1795 haec,
219 1737 301 1800 quae
324 1721 536 1802 cognitionem
559 1721 678 1786 habent
709 1720 845 1800 facilem,
875 1740 966 1785 usum
998 1737 1142 1782 necessa·

51 1836 83 1881 ιθ
103 1819 196 1884 rium.
242 1841 317 1885 nam
340 1823 474 1888 alterum
497 1824 630 1889 traditur
652 1823 765 1889 litteris
787 1822 994 1904 doctrinaque
1018 1819 1140 1904 puerili,

101 1922 239 1989 alterum
262 1923 432 1991 adhibetur·
452 1927 493 1991 ob
517 1947 588 1992 eam
612 1947 748 2010 causam,
779 1934 814 1991 ut
836 1926 1038 2010 intellegatur
1065 1923 1141 2006 quid

102 2025 238 2108 quisque
261 2027 355 2110 dicat,
388 2030 471 2112 quod
501 2031 646 2096 videmus
674 2031 718 2094 ita
749 2049 818 2094 esse
848 2029 1073 2110 necessarium,
1107 2033 1143 2090 ut

101 2136 212 2194 tamen
235 2151 273 2196 eo
295 2133 401 2199 minus
423 2134 502 2199 nihil
525 2155 595 2200 esse
618 2135 726 2218 possit.
773 2132 830 2198 sed
860 2135 963 2198 omnis
992 2130 1142 2214 loquendi
1161 2143 1194 2190 aa

101 2233 273 2316 elegantia,
298 2256 489 2320 quamquam
504 2238 663 2322 expolitur
678 2237 811 2302 scicntia
826 2236 1011 2315 litterarum,
1035 2242 1142 2297 tamen

47 2343 238 2420 adaugetur
267 2340 412 2423 legendis
444 2342 619 2408 oratoribus
654 2348 686 2406 et
719 2341 829 2426 poetis.
877 2347 950 2405 sunt
984 2338 1069 2403 enim
1098 2336 1144 2400 illi

100 2446 238 2522 veteres,
264 2443 318 2524 qui
341 2464 453 2509 ornare
476 2445 617 2510 nondum
640 2450 787 2528 poterant
817 2463 854 2507 ea
877 2463 960 2527 quae
983 2441 1143 2521 dicebant,

102 2565 215 2611 omnes
238 2567 337 2631 prope
364 2549 526 2631 praeclare
554 2548 666 2632 locuti;
700 2568 831 2629 quorum
860 2565 1004 2614 sermone
1034 2544 1144 2609 adsue-

101 2649 181 2712 facti
205 2649 259 2731 qui
283 2656 383 2731 erunt,
407 2672 448 2717 ne
472 2654 636 2737 cupientes
660 2651 788 2733 quidem
811 2657 960 2734 poterunt
982 2649 1067 2732 loqui
1083 2647 1143 2711 nisi

101 2753 227 2817 Latine.
275 2773 378 2834 neque
405 2761 511 2820 tamen
544 2754 602 2819 erit
632 2755 785 2821 utendum
816 2757 923 2821 verbis
961 2753 1000 2818 iis
1030 2751 1144 2834 quibus

51 2871 82 2918 aa
102 2856 166 2921 iam
191 2857 384 2922 consuetudo
407 2865 514 2923 nostra
539 2877 603 2922 non
630 2858 735 2939 utitur,
767 2857 829 2922 nisi
857 2857 984 2942 quando
1011 2855 1144 2922 ornandi

102 2979 200 3025 causa
223 2981 329 3044 parce,
353 2960 437 3044 quod
460 2960 643 3044 ostendam;
668 2960 725 3025 sed
747 2959 872 3026 usitatis
899 2964 944 3028 ita
959 2960 1073 3044 poterit
1088 2959 1143 3039 uti,

99 3063 280 3130 lectissimis
314 3071 348 3129 ut
381 3071 496 3145 utatur,
528 3064 557 3130 is
591 3065 645 3147 qui
678 3063 712 3127 in
745 3064 907 3131 veteribus
939 3065 1003 3134 erit,
1020 3063 1145 3146 scriptis

101 3167 241 3233 studiose
264 3174 296 3233 et
318 3169 450 3233 multum
465 3169 632 3234 uolutatus.
671 3173 767 3248 atque
789 3173 824 3230 ut
839 3169 954 3233 Latine
970 3168 1143 3249 loquamur,
1163 3140 1197 3259 ἐξ

100 3293 166 3339 non
189 3273 292 3338 solum
314 3271 489 3338 videndum
513 3279 560 3336 est
583 3277 617 3336 ut
641 3277 672 3335 et
695 3271 793 3336 verba
816 3271 987 3336 efferamus
1011 3288 1144 3349 eaquae

53 3389 85 3436 ³0
104 3397 198 3443 nemo
220 3377 289 3440 iure
312 3375 533 3459 reprehendat,
558 3381 589 3439 et
612 3395 650 3438 ea
673 3374 719 3438 sic
743 3379 774 3438 et
796 3374 923 3440 casibus
946 3379 978 3434 et
1002 3372 1145 3454 tempori-

105 3481 164 3546 bus
188 3487 220 3545 et
242 3500 361 3564 genere
385 3486 417 3543 ct
439 3497 569 3542 numero
593 3496 825 3556 conservemus,
850 3483 948 3540 utne
977 3473 1053 3554 quid
1079 3495 1146 3557 per·

106 3585 267 3648 turbatum
290 3603 329 3647 ao
352 3582 545 3665 discrepans,
558 3586 613 3646 aut
635 3585 874 3663 praeposterum
898 3574 948 3653 sit,
972 3575 1029 3640 sed
1053 3578 1147 3642 etiam

106 3688 215 3771 lingua
238 3693 271 3752 et
293 3686 422 3769 spiritus
453 3689 484 3748 et
505 3683 593 3747 vocis
624 3702 719 3747 sonus
750 3688 796 3746 est
826 3682 897 3763 ipse
924 3678 1145 3744 moderandus.

106 3792 177 3856 nolo
201 3789 338 3876 exprimi
361 3788 482 3852 litteras
510 3785 659 3869 putidius,
689 3785 761 3848 nolo
788 3779 950 3847 obscurari
979 3783 1148 3864 neglegen·
1166 3794 1199 3842 41

941 3884 994 3934 ra*
