2836 4114
330 232 441 287 110011
454 233 505 288 111.
530 233 936 299 onr.nc-sasros-1or.
1092 219 1151 282 197

109 404 246 489 aliquid,
268 405 383 472 deinde
405 415 539 493 augetur
561 413 752 474 extenuatur
782 407 910 474 inflatur
938 409 1079 475 variatur
1110 409 1154 474 di·

110 511 294 593 stinguitur.
340 511 385 576 ita
406 513 447 577 sit
469 511 561 578 nobis
583 512 679 596 igitur
702 516 832 578 ornatus
863 518 895 577 et
917 513 1024 580 suavis
1051 521 1155 579 orator
1173 524 1222 573 103

110 653 155 662 —
180 633 241 678 nec
262 619 369 679 tamen
391 621 497 699 potest
519 616 611 682 aliter
634 635 704 681 0000
720 653 762 663 -
777 621 813 680 ut
828 617 1019 684 suavitatem
1037 616 1155 683 habeat

5 767 6 812 7
110 723 274 783 austeram
297 722 329 783 et
351 718 495 800 solidam,
518 740 583 784 non
605 718 730 785 dulcem
748 725 845 802 atque
862 719 1034 786 decoctam.
1079 741 1155 786 nam

76 823 189 906 eipsa
216 821 258 886 ad
288 821 465 888 ornandum
497 829 669 907 praecepta
703 843 785 906 quae
819 823 934 890 dantur
968 825 1036 890 eius
1068 824 1155 889 modi

114 933 201 1007 sunt,
224 932 259 991 ut
281 945 321 990 ea
342 927 446 1008 quivis
475 927 696 992 vitiosissimus
722 933 828 993 orator
846 928 1016 1016 explicare
1045 929 1152 1013 possit.

113 1050 244 1112 quare,
267 1035 303 1094 ut
324 1036 398 1095 ante
422 1029 500 1112 dixi,
523 1031 659 1116 primum
683 1030 764 1096 silva
787 1051 892 1097 rerum
915 1030 964 1118 [ac
987 1033 1154 1098 sententia·

112 1131 197 1220 rum]
221 1133 434 1217 comparanda
449 1140 506 1216 est,
531 1155 593 1217 qua
609 1134 650 1201 de
665 1141 755 1219 parte
781 1133 864 1200 dixit
878 1136 1052 1221 Antonius3
1074 1136 1155 1201 haec

112 1236 282 1303 formanda
293 1236 345 1302 filo
360 1237 429 1322 ipso
446 1244 477 1302 et
490 1258 608 1322 genere
623 1238 786 1321 orationis,
802 1239 1023 1304 inluminanda
1038 1240 1154 1322 verbis,

59 1355 92 1402 10
112 1343 184 1407 vari
206 1341 270 1406 nda
293 1341 466 1407 sententiis,

220 1445 350 1512 Summa
372 1451 478 1510 autem
501 1447 569 1511 laus
593 1446 793 1529 eloquentiae
818 1452 866 1513 est
880 1447 1073 1533 amplificare
1088 1468 1155 1512 rem
1174 1458 1225 1508 104

6 1494 13 1639 i
114 1549 269 1630 ornando,
293 1548 377 1631 quod
399 1550 485 1614 valet
507 1571 572 1615 non
594 1550 694 1616 solum
718 1548 761 1614 ad
783 1551 965 1634 augendum
980 1550 1101 1633 aliquid
1124 1557 1155 1616 et

6 1669 11 1737 l
113 1653 289 1720 tollendum
323 1653 417 1719 altius
450 1652 595 1736 dicendo,
630 1652 688 1719 sed
724 1653 888 1718 etiamad
918 1654 1155 1723 extenuandum

6 1752 7 1799 ³
113 1764 211 1840 atque
233 1754 481 1875 abiciendum]
490 1757 524 1822 id
547 1755 743 1822 desideratur
770 1757 955 1822 omnibus'
946 1757 986 1822 ris
1014 1757 1048 1821 in
1077 1757 1155 1824 locis
1178 1765 1214 1820 20

65 1875 98 1922 15
117 1881 198 1945 quos
220 1859 263 1926 ad
285 1859 381 1925 fidem
403 1861 553 1926 orationis
576 1859 757 1926 faciendam
780 1860 926 1927 adhiberi
956 1859 1039 1925 dixit
1060 1861 1155 1926 Anto

113 1967 198 2047 nius,
221 1966 274 2030 vel
297 1985 368 2030 cum
399 1965 607 2050 explanamus
635 1964 756 2047 ahquid
778 1965 830 2029 vel
858 1984 930 2030 cum
953 1965 1155 2030 conciliamus

114 2071 240 2135 animos
262 2068 315 2134 rel
337 2089 408 2133 oum
431 2068 640 2152 concitamus3
666 2066 723 2133 sed
738 2068 771 2132 in
786 2067 847 2133 hoc
862 2067 947 2150 quod
962 2073 1156 2153 postremum
1174 2081 1223 2130 100
1347 2129 1351 2136 .

7 2204 12 2225 =
99 2174 186 2238 dixi
208 2171 411 2257 amphficatic
433 2178 538 2256 potest
567 2171 746 2256 plurimum,
778 2191 879 2254 caque
908 2191 973 2236 una
994 2171 1064 2237 laus
1091 2193 1156 2236 cra·
1227 2159 1229 2164 ¹

115 2279 193 2344 toris
227 2283 277 2342 est
311 2273 375 2363 [et]
398 2276 525 2361 propria
557 2276 705 2341 maxime.
759 2276 855 2340 etiam
888 2275 988 2339 maior
1021 2280 1070 2340 est
1101 2275 1157 2340 illa

64 2393 99 2441 so
118 2381 305 2447 exercitatio
336 2399 430 2461 quam
461 2383 602 2445 extremo
634 2398 779 2445 sermone
808 2379 959 2444 instruxit
988 2378 1155 2461 Antonius,

118 2487 219 2571 primo
242 2484 403 2564 reiciebat,
426 2481 577 2548 laudandi
601 2490 632 2548 et
647 2482 859 2567 vituperandi.
899 2482 978 2548 nihil
1001 2490 1048 2548 est
1071 2483 1156 2548 enim

116 2590 159 2654 ad
181 2587 440 2674 exaggerandam
463 2593 496 2653 et
517 2586 773 2671 amplificandam
792 2587 965 2652 orationem
980 2586 1156 2653 adcommo-

119 2693 222 2759 datius
245 2713 341 2776 quam
356 2697 523 2774 utrumque
539 2691 651 2756 horum
668 2691 916 2757 cumulatissime
931 2690 1037 2756 facere
1052 2710 1154 2775 posse.

120 2804 351 2881 consequentur
374 2797 469 2861 etiam
491 2795 538 2860 illi
559 2796 630 2877 loci,
654 2796 708 2879 qui
731 2816 923 2878 quamquam
945 2796 1064 2880 proprii
1086 2815 1156 2860 cau·
1175 2807 1224 2858 100

69 2912 103 2960 25
123 2923 225 2968 sarum
248 2907 281 2967 et
303 2900 504 2967 inhaerentes
526 2900 560 2964 in
583 2920 691 2965 earum
722 2899 828 2966 nervis
859 2919 928 2966 0000
958 2898 1086 2981 debent,
1113 2905 1157 2964 ta-

121 3028 193 3074 men
216 3007 292 3090 quia
321 3005 361 3071 de
383 3005 533 3096 universa
561 3024 596 3069 10
626 3003 754 3069 tractari
784 3004 896 3085 solent,
925 3022 1107 3069 communes
1136 3023 1157 3068 a

120 3111 280 3177 ueteribus
303 3109 458 3175 nominati
480 3114 562 3174 sunt.
609 3127 742 3190 quorum
773 3108 889 3191 partim
918 3106 1039 3172 habent
1068 3106 1146 3172 vitio

120 3235 189 3280 mm
212 3221 244 3281 et
266 3218 467 3298 peccatorum
489 3231 596 3277 acrem
619 3210 780 3294 quandam
812 3231 883 3276 cum
912 3209 1157 3293 amplificatione

120 3319 349 3385 incusationem
372 3324 427 3382 aut
449 3317 619 3400 querelam,
643 3322 753 3383 contra
775 3336 871 3398 quam
890 3312 954 3378 dici
977 3313 1055 3379 nihil
1077 3313 1158 3378 solet

70 3435 102 3484 30
119 3444 178 3490 nec
200 3427 315 3509 potest,
338 3429 372 3486 ut
393 3422 428 3487 in
450 3421 713 3506 depeculatorem,
744 3420 777 3484 in
805 3418 1006 3504 proditorem,
1029 3418 1062 3482 in
1088 3437 1158 3502 par-

0 3557 1 3576 *
119 3528 269 3612 ricidam3
294 3526 408 3610 quibus
430 3526 475 3591 uti
498 3525 690 3591 confirmatis
714 3523 896 3589 criminibus
911 3526 1043 3606 oportet,
1066 3521 1158 3588 aliter

121 3633 206 3698 enim
228 3631 327 3696 ieiuni
350 3637 423 3696 sunt
444 3635 540 3711 atquc
569 3629 691 3694 inanes.
737 3627 792 3692 alii
821 3632 927 3691 autem
956 3625 1077 3691 habent
1106 3625 1157 3692 de·
1177 3639 1225 3688 101

121 3736 336 3822 precationem
358 3740 413 3798 aut
435 3733 686 3817 miserationem;
709 3731 763 3796 alii
786 3751 860 3797 vero
883 3729 1038 3814 ancipites
1053 3728 1158 3815 dispu-

123 3841 268 3920 tationes,
292 3838 325 3903 in
349 3837 463 3920 quibus
486 3835 526 3901 dc
548 3836 696 3902 universo
720 3853 838 3918 genere
860 3833 894 3898 in
910 3844 1075 3916 utramque
1089 3854 1158 3919 par-
