2866 4110
326 219 439 273 mann
457 221 478 274 1.
509 220 592 275 one.
611 223 721 276 54-55.
752 223 929 285 saa-asa
1100 205 1142 269 59

104 397 164 456 tam
205 394 386 458 orationem
425 393 649 460 disertissimus
687 402 790 459 orator
822 395 935 477 Lysias
974 394 1141 475 attulisset,

105 516 206 578 quam,
224 498 252 563 si
279 497 311 562 ei
335 496 502 579 videretur,
527 497 690 579 edisceret,
713 504 748 562 ut
771 517 809 562 ea
831 518 887 582 pro
912 519 945 563 se
968 497 1002 561 in
1024 496 1142 563 iudicio

104 605 251 682 uteretm,
286 620 353 664 non
386 601 503 666 invitus
533 601 610 684 legit
640 607 671 665 et
703 600 866 666 commode
889 601 1038 684 scriptam
1073 621 1142 667 esse

106 703 197 788 dixit3
220 697 306 770 ‘sed'
329 703 430 785 inquit
446 697 500 785 ‘nt,
517 705 544 768 si
559 703 637 768 mihi
652 704 774 768 calceos
791 703 955 786 Sicyonios
971 704 1141 787 attulisses,

75 823 88 870 s
104 813 307 887 nonvuterer,
333 808 478 888 quamvis
501 814 607 872 essent
629 807 752 872 habiles
768 814 863 889 atque
878 808 945 892 apti
960 806 1002 872 ad
1017 806 1141 892 pedem,

105 910 174 990 quia
203 931 273 975 non
305 916 411 974 essent
440 910 557 990 viriles,
589 910 633 974 sic
667 911 754 974 illam
786 910 959 975 orationem
992 909 1142 976 disertam

105 1012 216 1078 sibiet
243 1013 413 1078 oratoriam
435 1012 547 1093 videri,
582 1012 696 1078 fortem
727 1019 759 1077 et
781 1013 904 1078 virilem
935 1035 997 1079 non
1020 1010 1141 1101 videri.

105 1135 174 1199 ergo
204 1117 262 1181 ille
299 1136 424 1197 quoque
459 1115 628 1180 damnatus
658 1122 722 1199 est;
761 1135 866 1198 neque
901 1119 1001 1182 solum
1034 1117 1144 1202 primis

105 1219 283 1299 sententiis,
307 1219 421 1300 quibus
443 1224 567 1284 tantum
595 1219 778 1284 statuebant
807 1219 930 1287 iudices
956 1219 1145 1284 damnarent

63 1343 89 1390 10
105 1341 143 1387 an
166 1322 381 1403 absolverent,
405 1321 461 1388 sed
485 1323 579 1388 etiam
602 1323 664 1388 illis
687 1341 766 1404 quas
789 1322 903 1386 iterum
918 1323 1042 1405 legibus
1061 1323 1144 1389 ferre

106 1425 276 1493 debebant.
323 1432 391 1490 erat
414 1427 498 1491 enim
521 1426 655 1491 Athenis
681 1445 735 1490 reo
759 1424 920 1509 damnato,
944 1427 970 1492 si
986 1426 1072 1492 fraus
1095 1447 1143 1492 ca-
1162 1443 1212 1491 aaa

106 1529 209 1612 pitalis
232 1549 299 1594 non
323 1535 416 1609 esset,
440 1529 531 1610 quasi
552 1550 676 1613 poenae
699 1529 893 1615 aestimatio;
926 1537 957 1596 et
985 1531 1144 1596 sententia

106 1652 174 1697 cum
196 1630 359 1697 iudicibus
382 1630 518 1714 daretur,
542 1633 797 1717 interrogabatur
819 1653 893 1699 reus
915 1653 1010 1716 quam
1042 1633 1143 1720 [quasi

106 1733 369 1822 aestimationem]
413 1737 635 1802 commeruisse
678 1756 712 1802 sc
748 1737 890 1801 maxime
933 1735 1141 1801 confiteretur.

64 1857 90 1904 15
107 1838 188 1919 quod
223 1858 296 1903 cum
331 1838 542 1921 interrogatus
575 1841 721 1905 Socrates
752 1847 845 1919 esset,
878 1837 1041 1922 respondit
1072 1858 1142 1903 sese

106 1944 258 2007 meruisse
282 1948 317 2004 ut
335 1942 537 2025 amplissimis
560 1943 734 2009 honoribus
757 1949 788 2006 et
810 1943 959 2026 praemiis
982 1940 1142 2005 decorare-

106 2050 154 2108 tur
180 2052 212 2109 et
234 2051 270 2108 ut
294 2043 323 2108 ei
345 2045 447 2110 victus
470 2045 645 2112 cotidianus
668 2047 711 2136 in,
725 2046 884 2128 Prytaneo
907 2044 1032 2129 publice
1054 2064 1143 2126 prae-

107 2148 240 2228 beretur,
276 2147 331 2229 qui
363 2147 465 2213 honos
502 2149 589 2232 apud
627 2150 764 2215 Graecos
801 2149 960 2212 maximus
997 2146 1140 2212 hahetur.

108 2250 193 2314 cuius
215 2269 368 2333 responso
390 2250 512 2316 iudices
532 2251 576 2316 sic
592 2257 787 2332 exarserunt,
803 2258 839 2316 ut
855 2251 967 2336 capitis
982 2249 1142 2328 hominem
1160 2267 1210 2316 aaa

63 2369 91 2418 ao
107 2351 400 2418 innocentissimum
424 2352 679 2420 condemnarent.
709 2354 763 2436 qui
787 2353 915 2436 quidem
937 2352 964 2418 si
979 2354 1143 2418 absolutus

107 2463 197 2538 esset,
232 2455 319 2538 quod
352 2456 540 2538 mehercule,
576 2458 699 2522 etiamsi
730 2457 809 2522 nihil
843 2457 885 2520 ad
911 2477 969 2523 nos
995 2458 1142 2540 pertinet,

107 2563 211 2624 tamen
234 2565 362 2644 propter
384 2561 452 2625 eius
479 2561 600 2644 ingenii
628 2559 881 2644 magnitudinem
911 2559 1036 2640 vellem,
1065 2579 1141 2641 quo-

106 2680 177 2725 nam
200 2661 295 2727 modo
319 2664 394 2728 istos
421 2662 624 2746 philosophos
654 2663 738 2727 ferre
761 2683 936 2747 possemus,
968 2663 1021 2745 qui
1045 2682 1139 2743 nunc,

107 2783 176 2828 cnm
209 2766 263 2829 ille
297 2764 466 2830 damnatus
500 2773 548 2830 est
581 2766 701 2832 nullam
736 2766 830 2832 aliam
858 2770 897 2833 ob
928 2766 1053 2849 culpam
1067 2761 1142 2832 'nisi

61 2881 91 2929 as
108 2874 235 2951 propter
257 2867 384 2932 dicendi
406 2869 616 2950 inscientiam,
640 2875 748 2933 tamen
771 2890 791 2934 a
814 2889 847 2934 se
871 2875 1013 2955 oportere
1033 2867 1142 2932 dieunt

109 2971 171 3051 peti
193 2977 365 3054 praecepta
387 2970 537 3036 dicendi?
554 2973 742 3053 quibuscum
759 2992 818 3055 ego
833 2993 898 3037 non
914 2991 1021 3055 pugno
1037 2978 1141 3035 utrum

109 3070 148 3134 sit
167 3073 280 3137 melius
307 3080 362 3138 aut
375 3091 377 3098 ’
391 3074 512 3140 verius:
540 3081 664 3138 tantum
694 3073 765 3138 dico
795 3080 827 3138 et
853 3073 940 3138 aliud
966 3074 1044 3138 illud
1071 3093 1142 3140 esse

110 3179 200 3256 atque
223 3176 282 3241 hoe
306 3182 337 3240 et
359 3176 418 3242 hoc
442 3177 510 3242 sine
533 3178 585 3242 illo
609 3197 765 3242 summum
788 3197 858 3242 esse
880 3195 983 3260 posse.

207 3279 292 3342 Nam
315 3279 399 3361 quod
421 3280 471 3344 ius
493 3280 595 3361 civile,
620 3280 741 3360 Crasse,
764 3285 830 3344 tam
852 3279 1057 3344 vehementer
1078 3299 1142 3342 am-

12 3385 14 3426 t
63 3393 94 3442 ao
112 3378 220 3459 plexus
243 3401 287 3462 es,
311 3381 404 3448 video
429 3381 504 3464 quid
521 3383 640 3467 egeris3
664 3389 730 3446 tum
747 3403 817 3447 cum
833 3381 962 3447 dicebas
982 3380 1139 3445 videbam.

112 3481 241 3562 primum
264 3483 438 3550 Scaevolae
461 3492 492 3550 te
516 3485 640 3566 dedisti,
665 3505 758 3566 quem
782 3505 891 3550 omnes
918 3502 1023 3547 amare
1051 3484 1141 3547 meri-

113 3583 227 3650 tissimo
251 3607 307 3670 pro
330 3588 398 3654 eius
421 3589 540 3653 eximia
563 3587 719 3653 suavitate
735 3588 905 3670 debemus;
930 3586 1017 3650 cuius
1040 3591 1140 3649 artem

114 3703 177 3751 cum
205 3687 380 3772 indotatam
415 3711 485 3756 esse
518 3698 549 3755 et
578 3692 771 3772 incomptam
802 3687 936 3767 videres,
972 3687 1139 3750 verborum

115 3807 178 3853 eam
200 3790 273 3856 dote
294 3792 494 3876 locupletasti
517 3798 548 3856 et
571 3791 697 3857 ornasti.
744 3788 860 3853 deinde
884 3785 967 3868 quod
990 3786 1022 3849 in
1047 3806 1085 3850 ea
1105 3794 1139 3852 tu

1164 3257 1200 3310 55

1159 3329 1210 3377 234
