2834 4110
317 173 429 227 LIBER
448 173 483 227 ll.
515 173 597 228 oAP.
610 176 722 230 43-44.
759 177 774 237 ἓ
793 175 938 230 182-185.
1083 159 1143 222 117

112 346 293 429 animosque
335 367 443 413 eorum
476 346 562 432 apud
596 367 674 430 quos
707 353 820 430 agetur
853 347 1012 411 conciliari
1051 367 1146 429 quam

115 451 248 515 maxime
269 452 311 516 ad
333 451 588 516 benevolentiam
611 471 683 517 cum
706 471 782 534 erga
802 457 957 516 oratorem
980 457 1047 515 tum
1070 471 1146 536 erga

116 552 200 617 illum
226 575 279 639 pro
309 575 372 638 quo
400 554 484 620 dicet
510 561 622 621 orator.
669 555 876 620 conciliantur
910 561 1015 620 autem
1047 555 1146 620 animi

117 655 264 740 dignitate
279 659 426 739 hominis,
449 661 543 724 rebus
558 660 665 743 gestis,
683 658 918 723 existimatione
937 658 1039 742 vitae3
1063 677 1146 740 quae

87 759 233 828 dfacilius
261 763 366 827 ornari
392 768 533 847 possunt,
568 764 595 828 si
622 761 715 828 modo
747 768 830 842 sunt,
862 783 958 844 quam
990 761 1079 846 fingi,
1114 763 1142 828 si

117 865 197 930 nulla
219 872 298 930 sunt.
346 864 403 931 sed
426 865 505 932 haec
527 866 681 931 adiuvant
702 865 736 929 in
752 871 891 930 oratore:
915 866 1030 932 lenitas
1045 867 1143 948 vocis,

117 968 213 1034 voltus
235 967 375 1056 pudorlis
403 969 611 1057 significatiol,
641 970 808 1055 verborum
836 970 983 1054 comitas;
1013 971 1040 1035 si
1067 969 1144 1053 quid

118 1092 298 1156 persequare
321 1075 436 1154 acrius,
459 1081 494 1139 ut
515 1075 635 1140 invitus
663 1081 694 1140 et
717 1081 844 1140 coactus
871 1074 977 1140 facere
1003 1073 1142 1141 videare.

14 1242 15 1252 χ
118 1175 269 1243 facilitatis
291 1177 490 1244 liberalitatis
512 1179 764 1244 mansuetudinis
788 1179 915 1263 pietatis
938 1179 1020 1263 grati
1044 1179 1142 1244 animi

75 1289 102 1336 ¹0
118 1300 174 1344 non
206 1282 386 1366 appetentis
420 1302 482 1346 non
510 1283 596 1347 avidi
628 1284 720 1366 signa
747 1281 888 1365 proferre
919 1282 1052 1367 perutile
1080 1289 1144 1366 est;

119 1401 209 1466 eaque
241 1386 348 1451 omnia
377 1406 458 1468 quae
488 1389 657 1470 proborum
689 1385 896 1450 demissorum
927 1407 990 1451 non
1025 1387 1144 1451 acrium

118 1507 173 1552 non
198 1489 406 1573 pertinacium
434 1510 497 1554 non
527 1491 733 1574 litigiosorum
760 1511 824 1554 non
851 1492 1035 1556 acerborum
1071 1495 1144 1555 sunt

14 1599 15 1620 ¹
117 1591 202 1657 valde
224 1593 480 1658 benevolentiam
507 1593 677 1659 conciliant
704 1594 948 1675 abalienantque
975 1595 1016 1658 ab
1045 1595 1084 1658 iis
1110 1593 1145 1657 in

117 1695 221 1775 quibus
243 1697 324 1761 haec
346 1717 410 1761 non
434 1703 515 1761 sunt.
561 1698 669 1779 itaque
698 1695 809 1761 eadem
841 1698 969 1762 suntin
997 1696 1144 1760 adversa-

76 1808 101 1854 1⁵
115 1799 171 1864 rios
193 1821 233 1864 ex
256 1801 412 1866 contrario
436 1800 636 1866 conferenda.
684 1800 741 1865 sed
763 1819 865 1884 genus
887 1799 948 1864 hoc
963 1805 1062 1863 totum
1079 1818 1144 1862 ora·
1165 1813 1215 1860 183

115 1903 202 1968 tionis
235 1904 269 1968 in
303 1903 343 1968 iis
377 1904 481 1969 causis
515 1904 650 1984 excellit,
689 1904 723 1968 in
756 1904 871 1985 quibus
904 1903 1009 1968 minus
1042 1908 1147 1985 potest

14 2037 16 2060 ι
115 2007 297 2072 inflammari
319 2008 444 2072 animus
466 2007 579 2074 iudicis
601 2007 667 2071 acri
690 2013 721 2072 et
744 2007 924 2072 vehementi
942 2006 1079 2089 quadam
1101 2006 1146 2071 in-

116 2110 266 2176 citatione.
312 2131 376 2175 non
400 2112 483 2175 enirn
507 2132 632 2196 semper
654 2110 744 2176 fortis
767 2111 866 2176 oratio
890 2112 1061 2195 quaeritur,
1086 2109 1144 2174 sed

115 2234 202 2299 saepe
225 2214 353 2299 placida
375 2216 541 2282 summissa
563 2217 654 2296 lenis,
679 2236 760 2297 quae
783 2215 922 2281 maxime
945 2213 1146 2280 commendat

72 2326 100 2373 20
115 2339 185 2384 reos.
229 2339 301 2384 reos
323 2325 430 2382 autem
452 2321 577 2404 appello
600 2341 663 2384 non
687 2339 741 2385 eos
763 2318 857 2384 medo
880 2320 934 2402 qui
961 2324 1144 2404 arguuntur,

14 2472 15 2490 ι
116 2423 166 2488 sed
187 2423 289 2488 omnis
313 2441 444 2503 quorum
467 2421 507 2488 de
530 2443 565 2488 re
589 2423 800 2506 disceptatum
825 2423 871 2487 sic
894 2423 979 2488 enim
1007 2423 1081 2488 olim
1105 2421 1146 2486 lo-

115 2527 294 2608 quebantur.
340 2525 452 2589 horum
467 2527 563 2609 igitur
579 2527 756 2610 exprimere
772 2547 876 2592 mores
891 2528 1031 2593 oratione
1047 2527 1146 2590 iustos
1167 2538 1216 2586 184

114 2629 247 2713 integros
268 2628 433 2711 religiosos
456 2629 582 2694 timidos
604 2629 793 2713 perferentis
821 2629 1006 2695 iniuriarum
1033 2630 1146 2694 mirum

116 2733 257 2816 quiddam
282 2732 384 2815 valet;
409 2739 439 2796 et
462 2731 522 2798 hoe
553 2733 603 2796 vel
633 2732 666 2795 in
689 2733 853 2815 principiis
884 2735 935 2798 vel
962 2735 995 2798 in
1018 2754 1052 2797 re
1077 2752 1146 2796 nar-

72 2843 100 2892 25
115 2837 207 2901 randa
230 2836 283 2900 vel
306 2835 338 2899 in
365 2836 542 2919 perorando
569 2843 691 2900 tantam
721 2834 819 2898 habet
849 2837 924 2917 vim,
957 2837 983 2902 si
1007 2842 1054 2901 est
1078 2856 1146 2901 sua-

116 2940 189 3004 viter
211 2946 243 3004 et
267 2959 336 3002 cum
361 2959 455 3004 sensu
479 2945 657 3018 tractatum,
680 2946 716 3002 ut
739 2957 835 3021 saepe
849 2941 921 3022 plus
937 2961 1032 3023 quam
1049 2959 1145 3004 eausa

14 3067 17 3108 ι
117 3043 221 3107 valeat.
268 3047 391 3106 tantum
414 3047 520 3106 autem
543 3041 678 3106 efficitur
700 3061 796 3106 sensu
818 3042 956 3123 quodam
971 3064 1009 3108 ac
1024 3044 1146 3108 ratione

118 3145 244 3227 dicendi,
269 3151 304 3209 ut
326 3145 417 3226 quasi
440 3165 542 3210 mores
565 3145 697 3210 oratoris
720 3144 853 3228 effingat
881 3148 989 3211 oratio.
1028 3166 1145 3230 genere

118 3251 192 3314 euim
216 3249 354 3331 quodam
377 3250 603 3314 sententiarum
627 3255 659 3314 et
673 3269 791 3333 genere
807 3249 986 3329 verborum,
1001 3249 1145 3312 adbibita

74 3362 102 3412 ao
118 3353 204 3418 etiam
237 3353 361 3417 actione
389 3353 452 3417 leni
491 3352 739 3434 facilitatemque
780 3341 971 3436 significanti
1010 3351 1147 3416 efficitur

14 3505 15 3514 1
117 3462 148 3520 ut
166 3457 264 3541 probi,
294 3462 329 3520 ut
358 3457 440 3520 bene
471 3457 593 3532 morati,
623 3457 754 3521 utboni
782 3457 841 3520 viri
868 3473 940 3518 esse
967 3452 1144 3519 videantur.

118 3559 183 3624 huic
203 3565 310 3624 autern
334 3565 382 3624 est
404 3560 458 3624 illa
480 3559 588 3644 dispar
610 3560 761 3624 adiuncta
783 3559 863 3624 ratio
879 3555 1039 3638 orationis,
1064 3579 1146 3639 quae
1167 3531 1216 3653 ᾗῇ)

118 3663 171 3728 alio
192 3663 328 3746 quodam
352 3683 469 3747 genere
499 3663 616 3728 mentis
642 3663 782 3727 iudicum
809 3665 973 3746 permovet
1000 3659 1145 3744 impellit-

119 3787 171 3849 que
192 3775 225 3833 ut
248 3773 303 3832 aut
325 3767 449 3833 oderint
471 3772 527 3831 aut
549 3767 684 3851 diligant
703 3771 758 3830 aut
773 3760 938 3829 invideant
952 3768 1008 3825 aut
1024 3763 1147 3829 salvum
