2834 4110
314 263 428 320 LIBER
446 265 482 319 ΙΙ.
513 264 594 319 CAP.
607 267 720 320 40-41.
751 269 772 328 ἓ·
785 265 929 318 173-177.
1074 244 1136 307 115

103 446 165 523 est;
193 439 271 505 dixit
301 440 388 505 enim
421 437 633 515 odoratius.
680 436 740 501 hoc
775 434 891 501 falsum
926 441 1003 518 est3·
1024 433 1136 498 habita

104 543 185 607 enim
206 544 346 626 quaestio
369 550 427 608 est.
405 541 533 608 thoe
555 542 645 624 sequi
668 559 799 606 neeesse
830 545 893 623 est,
921 537 1021 602 recita
1050 535 1135 601 enim

103 643 242 712 tabulas?
286 647 326 712 de
351 667 413 730 quo
435 665 552 730 genere
575 652 640 711 toto
663 643 758 728 paulo
781 648 856 708 ante
879 589 956 707 dixi.

201 751 286 816 Haeo
313 757 349 816 ut
376 749 563 815 brevissime
586 749 648 813 dici
671 752 850 832 potuerunt,
874 747 919 810 ita
940 766 961 809 a
983 765 1034 810 me
1049 713 1182 809 dicta4
1157 788 1207 835 174

71 860 182 919 esunt.
224 862 258 919 ut
280 855 368 920 enim
390 854 417 918 si
439 873 550 918 aurum
574 853 633 934 cui,
658 850 743 935 quod
759 856 842 916 esset
857 849 1062 915 multifariam
1083 848 1134 912 de-

102 957 224 1040 fossum,
248 965 494 1024 commonstrare
509 957 633 1038 vellem,
658 955 736 1021 satis
752 974 821 1020 esse
837 955 976 1046 deberet,
999 953 1026 1018 si
1042 953 1135 1037 signa

102 1066 240 1127 cinctas
262 1060 463 1127 ostenderem
491 1062 640 1141 locorum,
670 1059 784 1143 quibus
815 1057 950 1142 cognitis
978 1059 1046 1142 ipse
1074 1057 1135 1123 sibi

101 1162 218 1230 foderet
239 1171 272 1230 et
294 1164 328 1229 id
351 1164 437 1247 quod
459 1164 554 1230 vellet
576 1184 675 1249 parvo
702 1163 820 1242 labore,
844 1162 929 1227 nullo
953 1181 1067 1243 errore,
1091 1161 1135 1242 in·

101 1267 235 1332 veniret:
260 1269 306 1333 sio
330 1267 389 1332 has
412 1287 471 1351 ego
500 1274 756 1351 argumentorum
784 1266 891 1330 notavi
922 1273 1015 1332 notas
1043 1286 1136 1348 quae-

58 1387 84 1436 ιο
101 1371 238 1452 uentique
260 1370 476 1436 demonstravi
498 1371 552 1435 ubi
569 1371 645 1456 sint;
669 1371 790 1452 reliqua
807 1389 881 1434 eura
897 1375 928 1434 et
944 1370 1136 1455 cogitatione

102 1480 254 1539 eruuntur.
295 1474 380 1558 quod
403 1482 508 1539 autem
531 1479 788 1558 argumentorum
803 1493 905 1556 genus
929 1474 1043 1558 cuique
1066 1477 1206 1539 cau-1⁷5

101 1595 201 1642 sarum
222 1579 334 1662 generi
357 1578 496 1643 maxime
520 1577 698 1658 conveniat,
722 1597 785 1642 non
801 1577 942 1643 astartis
958 1578 1135 1660 exquisitae

100 1683 320 1763 praescribere,
345 1681 402 1746 sed
426 1688 473 1747 est
496 1681 695 1746 mediocris
686 1681 808 1764 ingenii
835 1680 984 1746 iudicare
1031 1700 1135 1762 neque

101 1785 180 1848 enim
202 1805 288 1850 nunc
310 1781 345 1849 id
367 1785 547 1868 agimus,u
525 1790 688 1850 utartcm
716 1784 854 1866 aliquam
882 1783 1009 1849 dicendi
1038 1784 1136 1866 expli-

57 1902 83 1950 15
101 1907 211 1972 cemus,
241 1889 298 1954 sed
326 1894 362 1953 ut
348 1888 574 1954 idoctissimis
601 1888 782 1953 hominibus
809 1908 884 1952 usus
915 1887 1014 1952 nostri
1046 1886 1134 1968 quasi

101 1993 251 2072 quaedam
275 1993 397 2058 monita
419 1991 590 2058 tradamus.
636 1991 686 2056 his
709 1991 805 2074 igitur
827 1991 903 2056 locis
926 1992 959 2055 in
983 2001 1089 2056 mente
1105 1996 1136 2053 et

100 2097 287 2179 cogitatione
318 2094 433 2162 defixis
464 2101 495 2160 et
525 2097 559 2160 in
590 2096 674 2161 omni
705 2115 739 2159 re
767 2095 808 2159 ad
835 2095 1006 2160 dicendum
1033 2094 1136 2178 posita

99 2200 241 2265 excitatis
272 2198 352 2264 nihil
384 2200 443 2264 erit
474 2200 557 2281 quod
588 2207 743 2266 oratorem
767 2199 906 2283 effugere
938 2199 1047 2284 possit,
1071 2218 1135 2263 non

98 2302 185 2368 modo
207 2303 242 2367 in
265 2301 444 2367 forensibus
466 2301 758 2388 disceptationibus,
782 2302 839 2369 sed
861 2304 988 2368 omnino
1011 2304 1044 2380 in
1071 2302 1134 2366 ullo

57 2423 83 2472 ao
100 2425 215 2486 genere
246 2402 383 2470 dicendi.
430 2407 457 2471 si
486 2427 560 2471 vero
591 2406 783 2488 adsequetur
813 2412 847 2470 ut
877 2408 949 2473 talis
978 2408 1133 2487 videatur,
1156 2411 1205 2458 176

100 2511 224 2589 qualem
255 2529 289 2574 se
320 2508 422 2573 videri
455 2510 542 2591 velit,
574 2517 604 2574 ct
634 2511 757 2577 animos
788 2530 895 2575 eorum
929 2513 974 2576 ita
1007 2511 1135 2576 adficiat

98 2612 179 2696 apud
202 2632 282 2695 quos
306 2618 391 2696 aget,
413 2619 449 2677 ut
471 2633 525 2678 eos
548 2633 744 2695 quocumque
765 2614 843 2679 velit
865 2616 916 2679 uel
936 2617 1061 2681 trahere
1083 2614 1135 2678 vel

98 2735 205 2799 rapere
228 2715 339 2800 possit,
362 2715 441 2779 nihil
463 2716 605 2799 profecto
627 2723 792 2800 praeterea
819 2717 861 2781 ad
889 2718 1058 2784 dicendum
1088 2736 1133 2781 re-

99 2820 206 2900 quiret.
254 2819 318 2882 iam
340 2818 418 2882 illud
441 2818 586 2885 videmus
609 2840 810 2902 nequaquam
833 2822 911 2886 satis
939 2843 1019 2904 esse,
1047 2840 1134 2903 repe-

57 2939 83 2987 ιο
98 2921 156 2987 rire
179 2920 255 3004 quid
272 2920 370 3003 dieas,
387 2921 448 2987 nisi
464 2921 498 2985 id
512 2923 675 2988 inventum
691 2929 826 2988 tractare
841 2925 952 3007 possis.
988 2923 1133 2990 tractatio
1156 2927 1204 2976 ιιι
1280 2983 1282 2987 .

14 3087 16 3114 ,
98 3032 200 3090 autem
230 3025 320 3089 varia
351 3045 421 3091 esse
451 3024 557 3106 debet,
584 3046 626 3090 ne
655 3032 710 3090 aut
744 3035 915 3110 cognoscat
948 3036 1049 3094 artem
1080 3027 1133 3108 qui

98 3129 203 3193 audiat
238 3134 292 3192 aut
323 3128 516 3212 defetigetur
549 3129 764 3194 similitudinis
798 3130 954 3196 satietate.
1000 3129 1134 3215 proponi

99 3237 217 3315 oportet
241 3231 317 3313 quid
339 3231 466 3298 adferas
490 3239 521 3296 et
544 3253 606 3315 qua
627 3254 662 3298 re
685 3233 729 3296 ita
752 3233 793 3298 sit
815 3233 996 3316 ostendere;
1022 3231 1075 3318 [et]
1093 3253 1133 3296 ex

98 3333 196 3400 isdem
206 3335 354 3400 illislocis
362 3335 519 3400 interdum
528 3335 724 3417 concludere,
733 3337 909 3419 relinquere
922 3337 1001 3401 alias
1009 3335 1133 3413 alioque

58 3438 243 3502 aotransire·
237 3456 352 3521 saepe
363 3459 427 3502 non
435 3459 610 3522 proponere
621 3459 659 3504 ao
667 3439 867 3523 rationerpsa
875 3434 1134 3517 adferendaqurd

97 3539 334 3624 proponendum
346 3540 442 3606 fuerit
453 3540 628 3626 declarare
641 3543 667 3607 si
680 3563 730 3607 our
721 3541 819 3624 'quid
830 3540 932 3606 srmrle
940 3538 1028 3604 ducas
1031 3537 1178 3626 ,prius

99 3644 254 3708 sutimile
279 3644 452 3725 confirmes,
477 3643 592 3709 deinde
616 3645 699 3727 quod
721 3645 775 3727 agi
777 3651 825 3709 tur
847 3642 1018 3726 adiungas;
1042 3642 1133 3703 inter-

98 3755 213 3830 puncta
225 3756 392 3832 argument
393 3769 482 3813 orum
494 3748 678 3832 plerumque
690 3748 824 3826 occulos,
841 3764 882 3809 ne
895 3745 965 3826 quis
978 3763 1016 3808 ea
1027 3760 1133 3806 nume-

99 3852 362 3938 rarepossit,utre
373 3852 616 3935 distinguantur,
625 3851 731 3915 verbis
740 3848 870 3914 confusa
878 3845 1131 3912 essevideantur.

946 3950 977 4001 8*
