2836 4114
348 245 460 298 LIBER
472 245 508 300 ΙΙ.
534 244 617 299 CAP.
631 246 672 302 84.
696 248 869 310 §341-344.
1065 233 1125 294 161

100 414 322 484 laudationibus
344 439 407 483 non
429 418 475 483 ita
497 419 630 483 multum
653 419 698 484 uti
714 421 896 500 soleremus,
919 426 1019 485 totum
1041 419 1127 484 hunc

100 522 298 604 segregabam
320 523 432 587 locum.
478 522 539 606 ipsi
564 524 648 587 enim
672 523 785 590 Graeci
814 523 917 607 magis
944 522 1071 607 legendi
1095 529 1125 586 et

100 620 306 691 delectationis
327 634 381 691 aut
403 626 541 692 hominis
563 627 697 692 alicuius
720 626 854 692 ornandi
870 648 965 709 quam
981 627 1125 692 utilitatis

100 723 185 794 huius
206 729 338 795 forensis
362 750 457 795 causa
479 729 677 795 laudationes
697 731 969 814 scriptitaverunt;
994 749 1125 812 quorum

71 837 166 894 nsunt
186 833 256 898 libri
278 835 392 915 quibus
414 833 644 899 Themistocles
669 835 825 899 Aristides
851 834 1020 918 Agesilaus
1046 833 1125 916 Epa-

101 934 255 1004 minondas
277 938 442 1023 Philippus
456 938 641 1002 Alexander
655 937 773 1020 aliique
788 937 974 1022 laudantu1·;
998 943 1125 1002 nostrae

12 1027 13 1034 '
99 1037 293 1123 laudationes,
317 1043 432 1124 quibus
454 1043 488 1107 iu
511 1042 579 1108 foro
603 1041 728 1123 utimur,
751 1047 806 1106 aut
830 1041 1003 1107 testimonii
1023 1041 1125 1106 brevi-

99 1147 187 1208 tatem
209 1145 326 1212 habent
348 1145 467 1211 nudam
490 1152 585 1228 atque
608 1146 787 1211 inornatam
810 1153 866 1210 aut
889 1146 1067 1210 scribuntur
1082 1143 1124 1208 ad

12 1269 14 1318 ε
98 1245 252 1314 funebrem
276 1250 464 1331 contionem,
489 1269 572 1331 quae
601 1249 643 1314 ad
667 1249 816 1314 orationis
840 1249 967 1314 laudem
994 1249 1125 1313 minime

12 1411 16 1428 ,
57 1355 84 1399 10
99 1349 329 1418 adcommodata
359 1362 415 1420 est.
462 1353 519 1418 sed
554 1359 670 1434 tamen,
706 1353 855 1435 quoniam
889 1360 938 1418 est
971 1352 1124 1417 utendum

12 1449 14 1524 7
97 1453 265 1538 aliquando,
295 1479 358 1523 non
388 1477 560 1539 numquam
594 1457 688 1522 etiam
712 1456 925 1539 scribendum,
954 1457 1062 1522 velut
1085 1455 1123 1533 Q.

12 1623 13 1628 ,
97 1557 244 1625 lbberoni
266 1561 451 1625 Africanum
474 1562 667 1626 avunculum
690 1560 834 1625 laudanti
855 1561 981 1643 scripsit
998 1561 1031 1626 O.
1048 1561 1124 1624 Lae-

94 1660 157 1743 lius,
179 1664 229 1728 vel
252 1671 286 1728 ut
308 1671 431 1730 nosmet
453 1665 514 1749 ipsi
538 1664 672 1728 ornandi
699 1684 797 1728 causa
820 1664 1011 1728 Graecorum
1038 1685 1125 1728 more
1193 1745 1195 1754 Ι

95 1765 117 1828 si
145 1787 219 1848 quos
249 1768 383 1833 velimus
414 1767 544 1833 laudare
567 1769 733 1853 possimus,
765 1768 807 1832 sit
835 1789 856 1832 a
877 1767 970 1832 uobis
1000 1786 1124 1849 quoque

52 1873 78 1919 1⁵
93 1875 235 1936 tractatus
257 1871 309 1936 hic
340 1872 435 1937 locus.
481 1871 683 1956 perspicuum
714 1878 763 1936 est
784 1871 881 1955 igitur
912 1871 975 1936 alia
998 1890 1067 1935 esse
1090 1870 1123 1934 in
1142 1887 1193 1937 aaa

92 1970 210 2040 homine
233 1974 383 2059 optanda,
407 1975 470 2040 alia
492 1974 663 2040 laudanda.
701 1995 803 2060 genus
826 1973 929 2038 forma
947 1974 1031 2038 vires
1047 1993 1123 2057 opes

12 2067 15 2160 p
90 2075 214 2142 divitiae
239 2085 406 2160 ceteraque
429 2099 511 2160 quae
534 2079 660 2144 fortuna
683 2079 737 2144 det
760 2083 815 2142 aut
843 2078 1042 2143 extrinsecus
1068 2083 1123 2141 aut

12 2187 15 2266 l
89 2182 205 2264 corpori
235 2202 298 2246 non
329 2180 450 2248 habent
479 2182 512 2246 in
543 2202 577 2247 se
608 2202 716 2247 veram
739 2179 878 2262 laudem,
910 2201 992 2263 quae
1014 2180 1123 2245 deberi

12 2367 15 2374 .
88 2285 191 2348 virtuti
224 2286 280 2350 uni
312 2293 449 2370 putatur.
496 2285 553 2352 sed
587 2292 704 2368 tamen,
740 2284 824 2367 quod
858 2285 928 2370 ipsa
958 2284 1059 2349 virtus
1089 2285 1122 2348 in

48 2393 72 2442 '20
88 2408 191 2452 earum
214 2409 318 2454 rerum
340 2410 399 2456 usu
422 2410 460 2454 ac
483 2390 700 2456 moderatione
723 2389 864 2453 maxime
881 2389 1028 2471 comitur,
1044 2398 1123 2454 trao-

86 2491 181 2557 tanda
203 2493 236 2558 in
259 2493 493 2558 laudationibus
517 2494 613 2558 etiam
636 2493 717 2560 haec
739 2502 813 2559 sunt
841 2501 971 2560 naturae
1003 2501 1034 2560 et
1064 2493 1122 2558 for-

12 2663 13 2668 ,
86 2603 178 2661 tunae
195 2597 295 2682 bona,
318 2597 351 2661 in
375 2598 490 2680 quibus
514 2604 562 2661 est
585 2617 708 2663 summa
730 2598 800 2662 laus
823 2619 887 2664 non
911 2600 1062 2665 extulisse
1086 2619 1122 2663 se

86 2700 115 2764 in
139 2705 306 2783 potestate,
329 2722 393 2765 non
417 2701 515 2766 fuisse
546 2701 736 2767 insolentem
766 2701 799 2765 in
823 2704 969 2785 pecunia,
1001 2724 1064 2768 non
1088 2721 1122 2766 se
1149 2749 1151 2754 s
1206 2783 1208 2788 s

85 2805 267 2886 praetulisse
289 2805 360 2869 aliis
382 2812 510 2888 propter
541 2804 772 2871 abundantiam
799 2804 955 2888 fortunae,
984 2814 1018 2871 ut
1046 2826 1122 2889 opes

44 2914 69 2962 25
85 2915 114 2972 et
138 2908 246 2990 copiae
268 2928 332 2972 non
356 2907 524 2991 superbiae
548 2906 717 2973 videantur
738 2928 776 2972 ac
799 2908 934 2991 libidini,
959 2911 1016 2976 sed
1036 2910 1122 2974 boni-

84 3011 140 3076 tati
162 3018 193 3074 et
207 3010 414 3076 moderationi
430 3012 613 3076 facultatem
630 3020 661 3077 et
676 3011 841 3076 materiam
857 3012 994 3080 dedisse.
1023 3014 1122 3079 virtus
1140 3022 1190 3070 343

83 3121 196 3196 autem,
220 3134 302 3196 quae
326 3123 374 3180 est
395 3135 453 3199 per
475 3135 510 3180 se
532 3116 604 3199 ipsa
625 3115 794 3180 laudabilis
818 3125 849 3182 et
872 3119 941 3183 sine
965 3140 1028 3201 qua
1042 3118 1121 3181 nihil

83 3217 202 3284 laudari
218 3224 332 3302 potest,
344 3227 452 3284 tamen
464 3219 561 3283 habet
586 3220 684 3303 pluris
706 3219 815 3303 partis,
840 3241 973 3303 quarum
993 3221 1057 3291 alia
1072 3227 1120 3285 est

84 3323 150 3386 olio
164 3321 205 3385 ad
220 3322 434 3387 laudationem
450 3323 562 3406 aptior.
599 3332 672 3389 sunt
688 3325 772 3388 enim
788 3324 870 3390 aliae
887 3324 1019 3390 virtutes
1035 3342 1118 3404 quae

12 3435 66 3534 0³⁰
84 3425 228 3492 videntur
250 3427 282 3490 in
310 3426 451 3491 moribus
480 3425 643 3491 hominum
674 3434 705 3492 et
735 3427 873 3509 quadam
904 3429 1052 3492 comitate
1082 3447 1120 3491 ao

12 3577 15 3616 7
83 3529 291 3594 beneficentia
314 3530 452 3615 positae,
477 3529 558 3594 aliae
583 3532 719 3612 quaein
743 3531 864 3614 ingenii
894 3529 1002 3612 aliqua
1024 3528 1120 3594 facul-

12 3617 13 3624 *
82 3640 148 3699 tate
169 3642 223 3699 aut
245 3634 345 3699 animi
368 3633 589 3718 magnitudine
618 3655 657 3699 ac
678 3637 799 3700 robore.
845 3654 920 3698 nam
952 3634 1120 3698 clementia

12 3789 13 3828 ,
83 3737 200 3803 institia
222 3739 405 3823 benignitas
427 3738 506 3803 fides
521 3738 672 3804 fortitudo
687 3740 719 3803 in
736 3738 884 3823 periculis
900 3738 1119 3803 communibus

83 3842 218 3908 iucunda
241 3850 289 3909 est
312 3841 423 3907 auditu
452 3843 486 3907 in
513 3841 764 3925 laudationibus;
796 3859 905 3906 omnes
940 3842 1024 3906 enim
1059 3841 1119 3906 bae
1138 3852 1189 3899 344

135 3953 240 3996 Ciceronis
255 3956 281 3996 de
296 3957 378 3996 oratore
393 3955 450 3995 libri.
931 3949 961 3995 11
