<?xml version="1.0" encoding="UTF-8"?>
<!DOCTYPE html PUBLIC "-//W3C//DTD XHTML 1.0 Transitional//EN"
    "http://www.w3.org/TR/xhtml1/DTD/xhtml1-transitional.dtd">
<html xmlns="http://www.w3.org/1999/xhtml" xml:lang="en" lang="en">
 <head>
  <title>
</title>
<meta http-equiv="Content-Type" content="text/html;charset=utf-8" />
  <meta name='ocr-system' content='tesseract 3.04.00' />
  <meta name='ocr-capabilities' content='ocr_page ocr_carea ocr_par ocr_line ocrx_word'/>
</head>
<body>
  <div class='ocr_page' id='page_1' title='image "./mtulliciceronis21cicegoog_0128.png"; bbox 0 0 2834 4110; ppageno 0'>
   <div class='ocr_carea' id='block_1_1' title="bbox 314 185 1144 266">
    <p class='ocr_par' dir='ltr' id='par_1_1' title="bbox 314 185 1144 266">
     <span class='ocr_line' id='line_1_1' title="bbox 314 185 1144 266; baseline 0.005 -14"><span class='ocrx_word' id='word_1_1' title='bbox 314 201 481 254; x_wconf 80' lang='grc'><strong>11611611.</strong></span> <span class='ocrx_word' id='word_1_2' title='bbox 512 199 595 254; x_wconf 82' lang='lat' dir='ltr'><strong>oAP.</strong></span> <span class='ocrx_word' id='word_1_3' title='bbox 612 203 723 256; x_wconf 85' lang='lat'>39-40.</span> <span class='ocrx_word' id='word_1_4' title='bbox 758 203 938 266; x_wconf 79' lang='grc'><strong>6166-166.</strong></span> <span class='ocrx_word' id='word_1_5' title='bbox 1083 185 1144 247; x_wconf 82' lang='grc'><strong>113</strong></span> 
     </span>
    </p>
   </div>
   <div class='ocr_carea' id='block_1_2' title="bbox 22 372 1215 3765">
    <p class='ocr_par' dir='ltr' id='par_1_2' title="bbox 22 372 1215 3765">
     <span class='ocr_line' id='line_1_2' title="bbox 110 372 1144 458; baseline -0.001 -20"><span class='ocrx_word' id='word_1_6' title='bbox 110 373 188 439; x_wconf 90' lang='lat' dir='ltr'><strong>unde</strong></span> <span class='ocrx_word' id='word_1_7' title='bbox 210 375 401 439; x_wconf 52' lang='lat' dir='ltr'><strong>universum*</strong></span> <span class='ocrx_word' id='word_1_8' title='bbox 419 372 537 439; x_wconf 86' lang='lat' dir='ltr'><strong>flumen</strong></span> <span class='ocrx_word' id='word_1_9' title='bbox 560 381 722 458; x_wconf 72' lang='lat' dir='ltr'><strong>erumpat,</strong></span> <span class='ocrx_word' id='word_1_10' title='bbox 747 374 801 456; x_wconf 92' lang='lat' dir='ltr'><strong>qui</strong></span> <span class='ocrx_word' id='word_1_11' title='bbox 824 374 868 438; x_wconf 92' lang='lat' dir='ltr'><strong>illi</strong></span> <span class='ocrx_word' id='word_1_12' title='bbox 891 374 984 440; x_wconf 89' lang='lat' dir='ltr'><strong>sedes</strong></span> <span class='ocrx_word' id='word_1_13' title='bbox 1008 379 1039 438; x_wconf 90' lang='lat' dir='ltr'><strong>et</strong></span> <span class='ocrx_word' id='word_1_14' title='bbox 1055 373 1144 456; x_wconf 82' lang='lat' dir='ltr'>quasi</span> 
     </span>
     <span class='ocr_line' id='line_1_3' title="bbox 109 477 1144 562; baseline 0 -22"><span class='ocrx_word' id='word_1_15' title='bbox 109 477 261 545; x_wconf 90' lang='lat' dir='ltr'><strong>domicilia</strong></span> <span class='ocrx_word' id='word_1_16' title='bbox 284 477 427 542; x_wconf 91' lang='lat' dir='ltr'><strong>omnium</strong></span> <span class='ocrx_word' id='word_1_17' title='bbox 449 483 705 562; x_wconf 87' lang='lat' dir='ltr'><strong>argumentorum</strong></span> <span class='ocrx_word' id='word_1_18' title='bbox 729 484 953 544; x_wconf 82' lang='lat' dir='ltr'><strong>commonstret</strong></span> <span class='ocrx_word' id='word_1_19' title='bbox 976 483 1008 542; x_wconf 91' lang='lat' dir='ltr'><strong>et</strong></span> <span class='ocrx_word' id='word_1_20' title='bbox 1023 498 1062 542; x_wconf 90' lang='lat' dir='ltr'><strong>ea</strong></span> <span class='ocrx_word' id='word_1_21' title='bbox 1076 477 1144 540; x_wconf 89' lang='lat' dir='ltr'><strong>bre-</strong></span> 
     </span>
     <span class='ocr_line' id='line_1_4' title="bbox 109 572 1213 663; baseline 0.005 -19"><span class='ocrx_word' id='word_1_22' title='bbox 109 580 186 645; x_wconf 80' lang='lat' dir='ltr'><strong>viter</strong></span> <span class='ocrx_word' id='word_1_23' title='bbox 206 581 354 647; x_wconf 84' lang='lat' dir='ltr'><strong>inlustret</strong></span> <span class='ocrx_word' id='word_1_24' title='bbox 376 572 546 663; x_wconf 76' lang='lat' dir='ltr'><strong>uerbisque</strong></span> <span class='ocrx_word' id='word_1_25' title='bbox 569 580 708 646; x_wconf 89' lang='lat' dir='ltr'><strong>definiat.</strong></span> <span class='ocrx_word' id='word_1_26' title='bbox 755 581 832 663; x_wconf 89' lang='lat' dir='ltr'><strong>quid</strong></span> <span class='ocrx_word' id='word_1_27' title='bbox 855 581 940 646; x_wconf 91' lang='lat' dir='ltr'><strong>enim</strong></span> <span class='ocrx_word' id='word_1_28' title='bbox 963 587 1011 646; x_wconf 90' lang='lat' dir='ltr'><strong>est</strong></span> <span class='ocrx_word' id='word_1_29' title='bbox 1032 581 1065 644; x_wconf 92' lang='lat' dir='ltr'><strong>in</strong></span> <span class='ocrx_word' id='word_1_30' title='bbox 1081 600 1144 661; x_wconf 92' lang='lat' dir='ltr'><strong>quo</strong></span> <span class='ocrx_word' id='word_1_31' title='bbox 1164 601 1213 648; x_wconf 88' lang='grc'><strong>166</strong></span> 
     </span>
     <span class='ocr_line' id='line_1_5' title="bbox 108 683 1144 767; baseline 0 -20"><span class='ocrx_word' id='word_1_32' title='bbox 108 683 232 748; x_wconf 88' lang='lat' dir='ltr'><strong>baereat</strong></span> <span class='ocrx_word' id='word_1_33' title='bbox 255 685 310 767; x_wconf 93' lang='lat' dir='ltr'><strong>qui</strong></span> <span class='ocrx_word' id='word_1_34' title='bbox 334 683 451 750; x_wconf 87' lang='lat' dir='ltr'><strong>viderit</strong></span> <span class='ocrx_word' id='word_1_35' title='bbox 473 704 577 765; x_wconf 86' lang='lat' dir='ltr'><strong>omne,</strong></span> <span class='ocrx_word' id='word_1_36' title='bbox 600 683 684 766; x_wconf 93' lang='lat' dir='ltr'><strong>quod</strong></span> <span class='ocrx_word' id='word_1_37' title='bbox 707 691 847 750; x_wconf 81' lang='lat' dir='ltr'><strong>sumatur</strong></span> <span class='ocrx_word' id='word_1_38' title='bbox 870 686 902 749; x_wconf 92' lang='lat' dir='ltr'><strong>in</strong></span> <span class='ocrx_word' id='word_1_39' title='bbox 925 684 1067 750; x_wconf 89' lang='lat' dir='ltr'><strong>oratione</strong></span> <span class='ocrx_word' id='word_1_40' title='bbox 1089 690 1144 748; x_wconf 88' lang='lat' dir='ltr'><strong>aut</strong></span> 
     </span>
     <span class='ocr_line' id='line_1_6' title="bbox 81 786 1144 873; baseline -0.003 -20"><span class='ocrx_word' id='word_1_41' title='bbox 81 787 147 853; x_wconf 80' lang='lat' dir='ltr'><strong>sad</strong></span> <span class='ocrx_word' id='word_1_42' title='bbox 174 787 375 872; x_wconf 90' lang='lat' dir='ltr'><strong>probandum</strong></span> <span class='ocrx_word' id='word_1_43' title='bbox 401 793 457 851; x_wconf 90' lang='lat' dir='ltr'><strong>ant</strong></span> <span class='ocrx_word' id='word_1_44' title='bbox 486 786 528 852; x_wconf 88' lang='lat' dir='ltr'><strong>ad</strong></span> <span class='ocrx_word' id='word_1_45' title='bbox 557 787 779 868; x_wconf 88' lang='lat' dir='ltr'><strong>refellendum,</strong></span> <span class='ocrx_word' id='word_1_46' title='bbox 815 795 870 854; x_wconf 89' lang='lat' dir='ltr'><strong>aut</strong></span> <span class='ocrx_word' id='word_1_47' title='bbox 905 809 946 852; x_wconf 91' lang='grc'><strong>61</strong></span> <span class='ocrx_word' id='word_1_48' title='bbox 978 808 1036 853; x_wconf 90' lang='lat' dir='ltr'><strong>sua</strong></span> <span class='ocrx_word' id='word_1_49' title='bbox 1056 787 1144 873; x_wconf 69' lang='lat' dir='ltr'><strong>vsumi</strong></span> 
     </span>
     <span class='ocr_line' id='line_1_7' title="bbox 109 890 1144 975; baseline 0 -21"><span class='ocrx_word' id='word_1_50' title='bbox 109 893 138 955; x_wconf 87' lang='lat' dir='ltr'><strong>vi</strong></span> <span class='ocrx_word' id='word_1_51' title='bbox 158 899 253 975; x_wconf 90' lang='lat' dir='ltr'><strong>atque</strong></span> <span class='ocrx_word' id='word_1_52' title='bbox 276 898 394 956; x_wconf 89' lang='lat' dir='ltr'><strong>natura</strong></span> <span class='ocrx_word' id='word_1_53' title='bbox 416 897 471 956; x_wconf 91' lang='lat' dir='ltr'><strong>aut</strong></span> <span class='ocrx_word' id='word_1_54' title='bbox 492 891 618 956; x_wconf 85' lang='lat' dir='ltr'><strong>adsumi</strong></span> <span class='ocrx_word' id='word_1_55' title='bbox 641 890 742 956; x_wconf 78' lang='lat' dir='ltr'><strong>foris?</strong></span> <span class='ocrx_word' id='word_1_56' title='bbox 771 911 813 956; x_wconf 87' lang='grc'><strong>61</strong></span> <span class='ocrx_word' id='word_1_57' title='bbox 841 911 898 956; x_wconf 88' lang='grc'><strong>6116</strong></span> <span class='ocrx_word' id='word_1_58' title='bbox 920 891 963 972; x_wconf 86' lang='lat' dir='ltr'><strong>vi,</strong></span> <span class='ocrx_word' id='word_1_59' title='bbox 996 912 1067 956; x_wconf 90' lang='lat' dir='ltr'><strong>cum</strong></span> <span class='ocrx_word' id='word_1_60' title='bbox 1089 897 1144 955; x_wconf 91' lang='lat' dir='ltr'><strong>aut</strong></span> 
     </span>
     <span class='ocr_line' id='line_1_8' title="bbox 109 994 1144 1079; baseline 0.001 -21"><span class='ocrx_word' id='word_1_61' title='bbox 109 1015 155 1060; x_wconf 88' lang='lat' dir='ltr'><strong>res</strong></span> <span class='ocrx_word' id='word_1_62' title='bbox 177 1016 257 1078; x_wconf 84' lang='lat' dir='ltr'><strong>quac</strong></span> <span class='ocrx_word' id='word_1_63' title='bbox 282 994 324 1060; x_wconf 90' lang='lat' dir='ltr'><strong>sit</strong></span> <span class='ocrx_word' id='word_1_64' title='bbox 346 1000 413 1058; x_wconf 89' lang='lat' dir='ltr'><strong>tota</strong></span> <span class='ocrx_word' id='word_1_65' title='bbox 436 1001 603 1075; x_wconf 82' lang='lat' dir='ltr'><strong>quaeratur</strong></span> <span class='ocrx_word' id='word_1_66' title='bbox 626 1001 680 1059; x_wconf 90' lang='lat' dir='ltr'><strong>aut</strong></span> <span class='ocrx_word' id='word_1_67' title='bbox 703 1015 778 1079; x_wconf 89' lang='lat' dir='ltr'><strong>pars</strong></span> <span class='ocrx_word' id='word_1_68' title='bbox 802 995 869 1060; x_wconf 90' lang='lat' dir='ltr'><strong>eius</strong></span> <span class='ocrx_word' id='word_1_69' title='bbox 884 1002 939 1059; x_wconf 91' lang='lat' dir='ltr'><strong>aut</strong></span> <span class='ocrx_word' id='word_1_70' title='bbox 954 996 1144 1060; x_wconf 88' lang='lat' dir='ltr'><strong>vocabulum</strong></span> 
     </span>
     <span class='ocr_line' id='line_1_9' title="bbox 110 1098 1145 1182; baseline 0.001 -20"><span class='ocrx_word' id='word_1_71' title='bbox 110 1098 188 1180; x_wconf 93' lang='lat' dir='ltr'><strong>quod</strong></span> <span class='ocrx_word' id='word_1_72' title='bbox 210 1099 331 1164; x_wconf 88' lang='lat' dir='ltr'><strong>habeat</strong></span> <span class='ocrx_word' id='word_1_73' title='bbox 353 1105 407 1162; x_wconf 90' lang='lat' dir='ltr'><strong>aut</strong></span> <span class='ocrx_word' id='word_1_74' title='bbox 431 1099 593 1182; x_wconf 91' lang='lat' dir='ltr'><strong>quippiam</strong></span> <span class='ocrx_word' id='word_1_75' title='bbox 616 1119 683 1164; x_wconf 89' lang='lat' dir='ltr'><strong>rem</strong></span> <span class='ocrx_word' id='word_1_76' title='bbox 706 1100 793 1163; x_wconf 91' lang='lat' dir='ltr'><strong>illam</strong></span> <span class='ocrx_word' id='word_1_77' title='bbox 815 1098 900 1179; x_wconf 93' lang='lat' dir='ltr'><strong>quod</strong></span> <span class='ocrx_word' id='word_1_78' title='bbox 915 1100 1068 1182; x_wconf 75' lang='lat' dir='ltr'><strong>attingat,</strong></span> <span class='ocrx_word' id='word_1_79' title='bbox 1093 1119 1145 1163; x_wconf 91' lang='grc'><strong>61-</strong></span> 
     </span>
     <span class='ocr_line' id='line_1_10' title="bbox 110 1199 1144 1289; baseline 0.002 -23"><span class='ocrx_word' id='word_1_80' title='bbox 110 1203 257 1268; x_wconf 88' lang='lat' dir='ltr'><strong>trinseous</strong></span> <span class='ocrx_word' id='word_1_81' title='bbox 287 1208 406 1282; x_wconf 90' lang='lat' dir='ltr'><strong>autem,</strong></span> <span class='ocrx_word' id='word_1_82' title='bbox 438 1222 508 1266; x_wconf 90' lang='lat' dir='ltr'><strong>cum</strong></span> <span class='ocrx_word' id='word_1_83' title='bbox 536 1223 575 1266; x_wconf 89' lang='lat' dir='ltr'><strong>ea</strong></span> <span class='ocrx_word' id='word_1_84' title='bbox 598 1223 679 1285; x_wconf 88' lang='lat' dir='ltr'><strong>quae</strong></span> <span class='ocrx_word' id='word_1_85' title='bbox 702 1209 776 1268; x_wconf 88' lang='lat' dir='ltr'><strong>sunt</strong></span> <span class='ocrx_word' id='word_1_86' title='bbox 797 1201 874 1268; x_wconf 86' lang='lat' dir='ltr'><strong>foris</strong></span> <span class='ocrx_word' id='word_1_87' title='bbox 897 1222 1000 1284; x_wconf 86' lang='lat' dir='ltr'><strong>neque</strong></span> <span class='ocrx_word' id='word_1_88' title='bbox 1017 1199 1144 1289; x_wconf 74' lang='lat' dir='ltr'><strong>[inpae-</strong></span> 
     </span>
     <span class='ocr_line' id='line_1_11' title="bbox 70 1305 1214 1390; baseline 0.005 -24"><span class='ocrx_word' id='word_1_89' title='bbox 70 1323 93 1367; x_wconf 93' lang='grc'><strong>16</strong></span> <span class='ocrx_word' id='word_1_90' title='bbox 108 1311 174 1370; x_wconf 88' lang='lat' dir='ltr'><strong>rent</strong></span> <span class='ocrx_word' id='word_1_91' title='bbox 200 1307 232 1370; x_wconf 92' lang='lat' dir='ltr'><strong>in</strong></span> <span class='ocrx_word' id='word_1_92' title='bbox 260 1305 308 1370; x_wconf 89' lang='grc'><strong>161</strong></span> <span class='ocrx_word' id='word_1_93' title='bbox 336 1310 450 1369; x_wconf 88' lang='lat' dir='ltr'><strong>natura</strong></span> <span class='ocrx_word' id='word_1_94' title='bbox 484 1307 691 1390; x_wconf 78' lang='lat' dir='ltr'><strong>conliguntur.</strong></span> <span class='ocrx_word' id='word_1_95' title='bbox 739 1307 765 1371; x_wconf 93' lang='lat' dir='ltr'><strong>si</strong></span> <span class='ocrx_word' id='word_1_96' title='bbox 795 1325 846 1370; x_wconf 90' lang='lat' dir='ltr'><strong>res</strong></span> <span class='ocrx_word' id='word_1_97' title='bbox 880 1312 946 1370; x_wconf 90' lang='lat' dir='ltr'><strong>tota</strong></span> <span class='ocrx_word' id='word_1_98' title='bbox 974 1306 1143 1388; x_wconf 88' lang='lat' dir='ltr'><strong>quaeritur,</strong></span> <span class='ocrx_word' id='word_1_99' title='bbox 1165 1325 1214 1372; x_wconf 83' lang='grc'><strong>164</strong></span> 
     </span>
     <span class='ocr_line' id='line_1_12' title="bbox 111 1406 1144 1493; baseline 0.004 -22"><span class='ocrx_word' id='word_1_100' title='bbox 111 1406 288 1474; x_wconf 88' lang='lat' dir='ltr'><strong>definitione</strong></span> <span class='ocrx_word' id='word_1_101' title='bbox 312 1407 461 1474; x_wconf 87' lang='lat' dir='ltr'><strong>universa</strong></span> <span class='ocrx_word' id='word_1_102' title='bbox 481 1410 531 1474; x_wconf 88' lang='lat' dir='ltr'><strong>vis</strong></span> <span class='ocrx_word' id='word_1_103' title='bbox 555 1409 747 1493; x_wconf 80' lang='lat' dir='ltr'><strong>explicanda</strong></span> <span class='ocrx_word' id='word_1_104' title='bbox 770 1417 819 1474; x_wconf 88' lang='lat' dir='ltr'><strong>cst</strong></span> <span class='ocrx_word' id='word_1_105' title='bbox 841 1410 907 1475; x_wconf 89' lang='lat' dir='ltr'><strong>sic:</strong></span> <span class='ocrx_word' id='word_1_106' title='bbox 935 1411 972 1475; x_wconf 83' lang='lat' dir='ltr'><strong>‘si</strong></span> <span class='ocrx_word' id='word_1_107' title='bbox 994 1410 1144 1475; x_wconf 84' lang='lat' dir='ltr'><strong>maiestas</strong></span> 
     </span>
     <span class='ocr_line' id='line_1_13' title="bbox 111 1510 1144 1596; baseline 0.004 -23"><span class='ocrx_word' id='word_1_108' title='bbox 111 1519 154 1574; x_wconf 89' lang='lat' dir='ltr'><strong>est</strong></span> <span class='ocrx_word' id='word_1_109' title='bbox 175 1510 351 1596; x_wconf 90' lang='lat' dir='ltr'><strong>amplitudo</strong></span> <span class='ocrx_word' id='word_1_110' title='bbox 382 1531 420 1576; x_wconf 94' lang='lat' dir='ltr'><strong>ac</strong></span> <span class='ocrx_word' id='word_1_111' title='bbox 442 1511 583 1596; x_wconf 84' lang='lat' dir='ltr'><strong>dignitas</strong></span> <span class='ocrx_word' id='word_1_112' title='bbox 617 1513 763 1593; x_wconf 86' lang='lat' dir='ltr'><strong>civitatis,</strong></span> <span class='ocrx_word' id='word_1_113' title='bbox 793 1513 820 1577; x_wconf 91' lang='lat' dir='ltr'><strong>is</strong></span> <span class='ocrx_word' id='word_1_114' title='bbox 851 1532 921 1576; x_wconf 89' lang='lat' dir='ltr'><strong>cam</strong></span> <span class='ocrx_word' id='word_1_115' title='bbox 951 1513 1064 1577; x_wconf 91' lang='lat' dir='ltr'><strong>minuit</strong></span> <span class='ocrx_word' id='word_1_116' title='bbox 1091 1513 1144 1595; x_wconf 93' lang='lat' dir='ltr'><strong>qui</strong></span> 
     </span>
     <span class='ocr_line' id='line_1_14' title="bbox 110 1615 1146 1700; baseline 0.002 -22"><span class='ocrx_word' id='word_1_117' title='bbox 110 1617 278 1681; x_wconf 83' lang='lat' dir='ltr'><strong>exercitum</strong></span> <span class='ocrx_word' id='word_1_118' title='bbox 302 1615 446 1686; x_wconf 88' lang='lat' dir='ltr'><strong>hostibus</strong></span> <span class='ocrx_word' id='word_1_119' title='bbox 468 1616 577 1700; x_wconf 90' lang='lat' dir='ltr'><strong>populi</strong></span> <span class='ocrx_word' id='word_1_120' title='bbox 599 1616 735 1681; x_wconf 90' lang='lat' dir='ltr'><strong>Romani</strong></span> <span class='ocrx_word' id='word_1_121' title='bbox 758 1615 898 1699; x_wconf 85' lang='lat' dir='ltr'><strong>tradidit,</strong></span> <span class='ocrx_word' id='word_1_122' title='bbox 922 1637 986 1683; x_wconf 92' lang='lat' dir='ltr'><strong>non</strong></span> <span class='ocrx_word' id='word_1_123' title='bbox 1003 1617 1056 1697; x_wconf 93' lang='lat' dir='ltr'><strong>qui</strong></span> <span class='ocrx_word' id='word_1_124' title='bbox 1073 1637 1146 1681; x_wconf 92' lang='lat' dir='ltr'><strong>eum</strong></span> 
     </span>
     <span class='ocr_line' id='line_1_15' title="bbox 111 1713 1215 1803; baseline 0.002 -21"><span class='ocrx_word' id='word_1_125' title='bbox 111 1719 158 1798; x_wconf 91' lang='lat' dir='ltr'><strong>qui</strong></span> <span class='ocrx_word' id='word_1_126' title='bbox 172 1718 207 1783; x_wconf 93' lang='lat' dir='ltr'><strong>id</strong></span> <span class='ocrx_word' id='word_1_127' title='bbox 220 1718 351 1786; x_wconf 84' lang='lat' dir='ltr'><strong>fecisset</strong></span> <span class='ocrx_word' id='word_1_128' title='bbox 365 1719 474 1802; x_wconf 92' lang='lat' dir='ltr'><strong>populi</strong></span> <span class='ocrx_word' id='word_1_129' title='bbox 497 1720 632 1783; x_wconf 90' lang='lat' dir='ltr'><strong>Romani</strong></span> <span class='ocrx_word' id='word_1_130' title='bbox 654 1719 802 1803; x_wconf 82' lang='lat' dir='ltr'><strong>potestati</strong></span> <span class='ocrx_word' id='word_1_131' title='bbox 818 1713 969 1783; x_wconf 75' lang='lat' dir='ltr'><strong>tradidit.³</strong></span> <span class='ocrx_word' id='word_1_132' title='bbox 995 1719 1044 1782; x_wconf 88' lang='lat' dir='ltr'><strong>sin</strong></span> <span class='ocrx_word' id='word_1_133' title='bbox 1060 1739 1145 1801; x_wconf 91' lang='lat' dir='ltr'><strong>pars,</strong></span> <span class='ocrx_word' id='word_1_134' title='bbox 1165 1737 1215 1784; x_wconf 84' lang='grc'><strong>166</strong></span> 
     </span>
     <span class='ocr_line' id='line_1_16' title="bbox 27 1816 1144 1906; baseline 0.005 -26"><span class='ocrx_word' id='word_1_135' title='bbox 27 1861 28 1868; x_wconf 38' lang='lat'>1</span> <span class='ocrx_word' id='word_1_136' title='bbox 71 1837 95 1882; x_wconf 83' lang='grc'><strong>16</strong></span> <span class='ocrx_word' id='word_1_137' title='bbox 110 1823 273 1903; x_wconf 89' lang='lat' dir='ltr'><strong>partitione</strong></span> <span class='ocrx_word' id='word_1_138' title='bbox 296 1823 357 1887; x_wconf 90' lang='lat' dir='ltr'><strong>hoe</strong></span> <span class='ocrx_word' id='word_1_139' title='bbox 384 1821 494 1887; x_wconf 91' lang='lat' dir='ltr'><strong>modo:</strong></span> <span class='ocrx_word' id='word_1_140' title='bbox 523 1816 589 1887; x_wconf 85' lang='lat' dir='ltr'><strong>‘aut</strong></span> <span class='ocrx_word' id='word_1_141' title='bbox 616 1823 740 1888; x_wconf 89' lang='lat' dir='ltr'><strong>senatui</strong></span> <span class='ocrx_word' id='word_1_142' title='bbox 770 1821 946 1906; x_wconf 87' lang='lat' dir='ltr'><strong>parendum</strong></span> <span class='ocrx_word' id='word_1_143' title='bbox 974 1821 1014 1886; x_wconf 89' lang='lat' dir='ltr'><strong>de</strong></span> <span class='ocrx_word' id='word_1_144' title='bbox 1045 1822 1144 1886; x_wconf 87' lang='lat' dir='ltr'><strong>salute</strong></span> 
     </span>
     <span class='ocr_line' id='line_1_17' title="bbox 111 1923 1146 2011; baseline 0.003 -25"><span class='ocrx_word' id='word_1_145' title='bbox 111 1926 152 1988; x_wconf 89' lang='grc'><strong>161</strong></span> <span class='ocrx_word' id='word_1_146' title='bbox 172 1927 320 2011; x_wconf 89' lang='lat' dir='ltr'><strong>publicae</strong></span> <span class='ocrx_word' id='word_1_147' title='bbox 351 1924 411 1989; x_wconf 87' lang='lat' dir='ltr'><strong>fuit</strong></span> <span class='ocrx_word' id='word_1_148' title='bbox 440 1931 495 1990; x_wconf 90' lang='lat' dir='ltr'><strong>aut</strong></span> <span class='ocrx_word' id='word_1_149' title='bbox 525 1925 611 1990; x_wconf 90' lang='lat' dir='ltr'><strong>aliud</strong></span> <span class='ocrx_word' id='word_1_150' title='bbox 644 1925 810 1992; x_wconf 90' lang='lat' dir='ltr'><strong>consilium</strong></span> <span class='ocrx_word' id='word_1_151' title='bbox 839 1923 1067 1990; x_wconf 88' lang='lat' dir='ltr'><strong>instituendum</strong></span> <span class='ocrx_word' id='word_1_152' title='bbox 1091 1930 1146 1989; x_wconf 91' lang='lat' dir='ltr'><strong>aut</strong></span> 
     </span>
     <span class='ocr_line' id='line_1_18' title="bbox 111 2028 1144 2113; baseline 0.001 -22"><span class='ocrx_word' id='word_1_153' title='bbox 111 2047 163 2094; x_wconf 88' lang='lat' dir='ltr'><strong>sua</strong></span> <span class='ocrx_word' id='word_1_154' title='bbox 185 2036 298 2113; x_wconf 89' lang='lat' dir='ltr'><strong>sponte</strong></span> <span class='ocrx_word' id='word_1_155' title='bbox 314 2028 514 2112; x_wconf 88' lang='lat' dir='ltr'><strong>faciendum;</strong></span> <span class='ocrx_word' id='word_1_156' title='bbox 538 2028 626 2093; x_wconf 88' lang='lat' dir='ltr'><strong>aliud</strong></span> <span class='ocrx_word' id='word_1_157' title='bbox 641 2029 817 2109; x_wconf 91' lang='lat' dir='ltr'><strong>consilium,</strong></span> <span class='ocrx_word' id='word_1_158' title='bbox 834 2031 1020 2113; x_wconf 73' lang='lat' dir='ltr'><strong>superbum,</strong></span> <span class='ocrx_word' id='word_1_159' title='bbox 1045 2048 1144 2109; x_wconf 86' lang='lat' dir='ltr'><strong>suum,</strong></span> 
     </span>
     <span class='ocr_line' id='line_1_19' title="bbox 40 2128 1144 2216; baseline 0.001 -22"><span class='ocrx_word' id='word_1_160' title='bbox 40 2211 42 2216; x_wconf 23' lang='grc' dir='ltr'>Ι</span> <span class='ocrx_word' id='word_1_161' title='bbox 110 2131 276 2216; x_wconf 76' lang='lat' dir='ltr'><strong>adrogans,</strong></span> <span class='ocrx_word' id='word_1_162' title='bbox 305 2132 459 2197; x_wconf 89' lang='lat' dir='ltr'><strong>utendum</strong></span> <span class='ocrx_word' id='word_1_163' title='bbox 486 2132 583 2216; x_wconf 92' lang='lat' dir='ltr'><strong>igitur</strong></span> <span class='ocrx_word' id='word_1_164' title='bbox 605 2132 665 2196; x_wconf 88' lang='lat' dir='ltr'><strong>fuit</strong></span> <span class='ocrx_word' id='word_1_165' title='bbox 693 2132 824 2199; x_wconf 93' lang='lat' dir='ltr'><strong>consilio</strong></span> <span class='ocrx_word' id='word_1_166' title='bbox 855 2128 1004 2197; x_wconf 71' lang='lat' dir='ltr'><strong>senatus.³</strong></span> <span class='ocrx_word' id='word_1_167' title='bbox 1049 2131 1077 2196; x_wconf 92' lang='lat' dir='ltr'><strong>si</strong></span> <span class='ocrx_word' id='word_1_168' title='bbox 1104 2151 1144 2195; x_wconf 91' lang='grc'><strong>61</strong></span> 
     </span>
     <span class='ocr_line' id='line_1_20' title="bbox 110 2227 1144 2320; baseline 0.003 -22"><span class='ocrx_word' id='word_1_169' title='bbox 110 2236 269 2317; x_wconf 86' lang='lat' dir='ltr'><strong>vocabulo,</strong></span> <span class='ocrx_word' id='word_1_170' title='bbox 293 2242 328 2300; x_wconf 90' lang='lat' dir='ltr'><strong>ut</strong></span> <span class='ocrx_word' id='word_1_171' title='bbox 355 2234 477 2301; x_wconf 79' lang='lat' dir='ltr'><strong>Carbo:</strong></span> <span class='ocrx_word' id='word_1_172' title='bbox 501 2227 539 2300; x_wconf 81' lang='lat' dir='ltr'><strong>‘si</strong></span> <span class='ocrx_word' id='word_1_173' title='bbox 563 2237 672 2300; x_wconf 89' lang='lat' dir='ltr'><strong>consul</strong></span> <span class='ocrx_word' id='word_1_174' title='bbox 702 2242 750 2300; x_wconf 91' lang='lat' dir='ltr'><strong>est</strong></span> <span class='ocrx_word' id='word_1_175' title='bbox 774 2237 828 2317; x_wconf 93' lang='lat' dir='ltr'><strong>qui</strong></span> <span class='ocrx_word' id='word_1_176' title='bbox 856 2236 990 2301; x_wconf 90' lang='lat' dir='ltr'><strong>consulit</strong></span> <span class='ocrx_word' id='word_1_177' title='bbox 1012 2236 1144 2320; x_wconf 88' lang='lat' dir='ltr'><strong>patriae,</strong></span> 
     </span>
     <span class='ocr_line' id='line_1_21' title="bbox 68 2334 1215 2424; baseline 0.007 -28"><span class='ocrx_word' id='word_1_178' title='bbox 68 2351 94 2398; x_wconf 79' lang='lat' dir='ltr'><strong>ao</strong></span> <span class='ocrx_word' id='word_1_179' title='bbox 110 2339 182 2417; x_wconf 90' lang='lat' dir='ltr'><strong>quid</strong></span> <span class='ocrx_word' id='word_1_180' title='bbox 197 2338 284 2404; x_wconf 91' lang='lat' dir='ltr'><strong>aliud</strong></span> <span class='ocrx_word' id='word_1_181' title='bbox 306 2338 382 2404; x_wconf 85' lang='lat' dir='ltr'><strong>fecit</strong></span> <span class='ocrx_word' id='word_1_182' title='bbox 398 2334 578 2422; x_wconf 75' lang='lat' dir='ltr'><strong>Opimiusl&#39;</strong></span> <span class='ocrx_word' id='word_1_183' title='bbox 609 2339 658 2403; x_wconf 89' lang='lat' dir='ltr'><strong>sin</strong></span> <span class='ocrx_word' id='word_1_184' title='bbox 680 2339 721 2403; x_wconf 90' lang='lat' dir='ltr'><strong>ab</strong></span> <span class='ocrx_word' id='word_1_185' title='bbox 746 2358 783 2403; x_wconf 90' lang='lat' dir='ltr'><strong>eo</strong></span> <span class='ocrx_word' id='word_1_186' title='bbox 807 2339 891 2420; x_wconf 91' lang='lat' dir='ltr'><strong>quod</strong></span> <span class='ocrx_word' id='word_1_187' title='bbox 913 2359 980 2403; x_wconf 88' lang='lat' dir='ltr'><strong>rem</strong></span> <span class='ocrx_word' id='word_1_188' title='bbox 1007 2340 1144 2424; x_wconf 88' lang='lat' dir='ltr'><strong>attingit,</strong></span> <span class='ocrx_word' id='word_1_189' title='bbox 1165 2357 1215 2404; x_wconf 91' lang='grc'><strong>166</strong></span> 
     </span>
     <span class='ocr_line' id='line_1_22' title="bbox 24 2434 1145 2524; baseline 0.003 -18"><span class='ocrx_word' id='word_1_190' title='bbox 24 2434 27 2506; x_wconf 82' lang='lat' dir='ltr'><strong>i</strong></span> <span class='ocrx_word' id='word_1_191' title='bbox 109 2440 210 2522; x_wconf 90' lang='lat' dir='ltr'><strong>plures</strong></span> <span class='ocrx_word' id='word_1_192' title='bbox 232 2449 305 2507; x_wconf 89' lang='lat' dir='ltr'><strong>sunt</strong></span> <span class='ocrx_word' id='word_1_193' title='bbox 328 2447 585 2524; x_wconf 81' lang='lat' dir='ltr'><strong>argumentomm</strong></span> <span class='ocrx_word' id='word_1_194' title='bbox 609 2440 701 2507; x_wconf 92' lang='grc'><strong>661166</strong></span> <span class='ocrx_word' id='word_1_195' title='bbox 728 2462 767 2506; x_wconf 89' lang='grc'><strong>66</strong></span> <span class='ocrx_word' id='word_1_196' title='bbox 795 2442 865 2507; x_wconf 90' lang='lat' dir='ltr'><strong>loci.</strong></span> <span class='ocrx_word' id='word_1_197' title='bbox 911 2463 986 2507; x_wconf 91' lang='lat' dir='ltr'><strong>nam</strong></span> <span class='ocrx_word' id='word_1_198' title='bbox 1014 2449 1045 2508; x_wconf 91' lang='grc'><strong>66</strong></span> <span class='ocrx_word' id='word_1_199' title='bbox 1075 2465 1145 2509; x_wconf 91' lang='lat' dir='ltr'><strong>con-</strong></span> 
     </span>
     <span class='ocr_line' id='line_1_23' title="bbox 23 2520 1144 2629; baseline 0.007 -25"><span class='ocrx_word' id='word_1_200' title='bbox 23 2520 25 2602; x_wconf 81' lang='grc'><strong>1</strong></span> <span class='ocrx_word' id='word_1_201' title='bbox 109 2542 213 2610; x_wconf 90' lang='lat' dir='ltr'><strong>iuncta</strong></span> <span class='ocrx_word' id='word_1_202' title='bbox 235 2563 422 2627; x_wconf 84' lang='lat' dir='ltr'><strong>quaeremus</strong></span> <span class='ocrx_word' id='word_1_203' title='bbox 445 2552 477 2610; x_wconf 93' lang='lat' dir='ltr'><strong>et</strong></span> <span class='ocrx_word' id='word_1_204' title='bbox 498 2565 618 2628; x_wconf 88' lang='lat' dir='ltr'><strong>genera</strong></span> <span class='ocrx_word' id='word_1_205' title='bbox 633 2552 664 2611; x_wconf 88' lang='lat' dir='ltr'><strong>et</strong></span> <span class='ocrx_word' id='word_1_206' title='bbox 683 2545 781 2629; x_wconf 86' lang='lat' dir='ltr'><strong>partis</strong></span> <span class='ocrx_word' id='word_1_207' title='bbox 796 2545 968 2629; x_wconf 83' lang='lat' dir='ltr'><strong>generibus</strong></span> <span class='ocrx_word' id='word_1_208' title='bbox 985 2547 1144 2613; x_wconf 89' lang='lat' dir='ltr'><strong>subiectas</strong></span> 
     </span>
     <span class='ocr_line' id='line_1_24' title="bbox 22 2647 1145 2762; baseline 0.004 -54"><span class='ocrx_word' id='word_1_209' title='bbox 22 2675 24 2762; x_wconf 67' lang='lat'><strong>,</strong></span> <span class='ocrx_word' id='word_1_210' title='bbox 109 2653 138 2710; x_wconf 92' lang='lat' dir='ltr'><strong>et</strong></span> <span class='ocrx_word' id='word_1_211' title='bbox 163 2648 384 2713; x_wconf 89' lang='lat' dir='ltr'><strong>similitudines</strong></span> <span class='ocrx_word' id='word_1_212' title='bbox 413 2653 445 2711; x_wconf 89' lang='lat' dir='ltr'><strong>et</strong></span> <span class='ocrx_word' id='word_1_213' title='bbox 471 2647 745 2714; x_wconf 90' lang='lat' dir='ltr'><strong>dissimilitudines</strong></span> <span class='ocrx_word' id='word_1_214' title='bbox 772 2655 803 2713; x_wconf 92' lang='grc'><strong>66</strong></span> <span class='ocrx_word' id='word_1_215' title='bbox 831 2649 988 2713; x_wconf 91' lang='lat' dir='ltr'><strong>contraria</strong></span> <span class='ocrx_word' id='word_1_216' title='bbox 1016 2657 1047 2714; x_wconf 89' lang='grc'><strong>66</strong></span> <span class='ocrx_word' id='word_1_217' title='bbox 1075 2671 1145 2715; x_wconf 88' lang='grc'><strong>6611-</strong></span> 
     </span>
     <span class='ocr_line' id='line_1_25' title="bbox 22 2751 1144 2834; baseline 0.004 -21"><span class='ocrx_word' id='word_1_218' title='bbox 22 2767 23 2786; x_wconf 60' lang='lat'><em>*</em></span> <span class='ocrx_word' id='word_1_219' title='bbox 109 2753 270 2833; x_wconf 89' lang='lat' dir='ltr'><strong>sequentia</strong></span> <span class='ocrx_word' id='word_1_220' title='bbox 299 2758 330 2818; x_wconf 89' lang='grc'><strong>66</strong></span> <span class='ocrx_word' id='word_1_221' title='bbox 357 2758 572 2816; x_wconf 87' lang='lat' dir='ltr'><strong>consentanea</strong></span> <span class='ocrx_word' id='word_1_222' title='bbox 601 2759 633 2816; x_wconf 90' lang='lat' dir='ltr'><strong>et</strong></span> <span class='ocrx_word' id='word_1_223' title='bbox 659 2751 750 2833; x_wconf 91' lang='lat' dir='ltr'><strong>quasi</strong></span> <span class='ocrx_word' id='word_1_224' title='bbox 778 2753 1015 2834; x_wconf 79' lang='lat' dir='ltr'><strong>praecurrentia</strong></span> <span class='ocrx_word' id='word_1_225' title='bbox 1042 2759 1144 2817; x_wconf 89' lang='grc'><strong>6616-</strong></span> 
     </span>
     <span class='ocr_line' id='line_1_26' title="bbox 22 2854 1144 2939; baseline 0.007 -27"><span class='ocrx_word' id='word_1_226' title='bbox 22 2903 23 2930; x_wconf 69' lang='lat'><strong>,</strong></span> <span class='ocrx_word' id='word_1_227' title='bbox 66 2865 93 2914; x_wconf 83' lang='grc'><strong>16</strong></span> <span class='ocrx_word' id='word_1_228' title='bbox 109 2856 280 2937; x_wconf 83' lang='lat' dir='ltr'><strong>pugnantia</strong></span> <span class='ocrx_word' id='word_1_229' title='bbox 315 2861 347 2919; x_wconf 92' lang='lat' dir='ltr'><strong>et</strong></span> <span class='ocrx_word' id='word_1_230' title='bbox 375 2875 486 2920; x_wconf 88' lang='lat' dir='ltr'><strong>causas</strong></span> <span class='ocrx_word' id='word_1_231' title='bbox 520 2874 623 2919; x_wconf 87' lang='lat' dir='ltr'><strong>rerum</strong></span> <span class='ocrx_word' id='word_1_232' title='bbox 658 2854 888 2939; x_wconf 85' lang='lat' dir='ltr'><strong>vestigabimus</strong></span> <span class='ocrx_word' id='word_1_233' title='bbox 925 2862 956 2920; x_wconf 92' lang='lat' dir='ltr'><strong>et</strong></span> <span class='ocrx_word' id='word_1_234' title='bbox 991 2876 1029 2920; x_wconf 89' lang='grc'><strong>66</strong></span> <span class='ocrx_word' id='word_1_235' title='bbox 1063 2876 1144 2937; x_wconf 91' lang='lat' dir='ltr'><strong>quae</strong></span> 
     </span>
     <span class='ocr_line' id='line_1_27' title="bbox 110 2958 1142 3043; baseline 0.004 -25"><span class='ocrx_word' id='word_1_236' title='bbox 110 2960 364 3024; x_wconf 84' lang='grc'><strong>616666166166</strong></span> <span class='ocrx_word' id='word_1_237' title='bbox 393 2958 456 3023; x_wconf 90' lang='lat' dir='ltr'><strong>sint</strong></span> <span class='ocrx_word' id='word_1_238' title='bbox 487 2963 519 3023; x_wconf 91' lang='grc'><strong>66</strong></span> <span class='ocrx_word' id='word_1_239' title='bbox 545 2959 664 3024; x_wconf 89' lang='lat' dir='ltr'><strong>maiora</strong></span> <span class='ocrx_word' id='word_1_240' title='bbox 687 2959 777 3043; x_wconf 90' lang='lat' dir='ltr'><strong>paria</strong></span> <span class='ocrx_word' id='word_1_241' title='bbox 800 2960 922 3024; x_wconf 90' lang='lat' dir='ltr'><strong>minora</strong></span> <span class='ocrx_word' id='word_1_242' title='bbox 946 2979 1142 3041; x_wconf 88' lang='lat' dir='ltr'><strong>quaeremus.</strong></span> 
     </span>
     <span class='ocr_line' id='line_1_28' title="bbox 22 3031 1144 3190; baseline 0.002 -68"><span class='ocrx_word' id='word_1_243' title='bbox 22 3031 30 3190; x_wconf 60' lang='lat' dir='ltr'><strong>,i</strong></span> <span class='ocrx_word' id='word_1_244' title='bbox 110 3078 148 3123; x_wconf 88' lang='grc'><strong>61</strong></span> <span class='ocrx_word' id='word_1_245' title='bbox 170 3062 344 3127; x_wconf 89' lang='lat' dir='ltr'><strong>coniunctis</strong></span> <span class='ocrx_word' id='word_1_246' title='bbox 367 3061 413 3125; x_wconf 89' lang='lat' dir='ltr'><strong>sic</strong></span> <span class='ocrx_word' id='word_1_247' title='bbox 435 3068 623 3146; x_wconf 85' lang='lat' dir='ltr'><strong>argumenta</strong></span> <span class='ocrx_word' id='word_1_248' title='bbox 646 3062 816 3127; x_wconf 89' lang='lat' dir='ltr'><strong>ducuntur:</strong></span> <span class='ocrx_word' id='word_1_249' title='bbox 842 3063 878 3128; x_wconf 89' lang='lat' dir='ltr'><strong>‘si</strong></span> <span class='ocrx_word' id='word_1_250' title='bbox 894 3061 1004 3145; x_wconf 89' lang='lat' dir='ltr'><strong>pietati</strong></span> <span class='ocrx_word' id='word_1_251' title='bbox 1020 3081 1144 3127; x_wconf 88' lang='lat' dir='ltr'><strong>summa</strong></span> 
     </span>
     <span class='ocr_line' id='line_1_29' title="bbox 22 3163 1143 3248; baseline 0.002 -23"><span class='ocrx_word' id='word_1_252' title='bbox 22 3212 23 3248; x_wconf 72' lang='lat'><strong>,</strong></span> <span class='ocrx_word' id='word_1_253' title='bbox 110 3163 272 3230; x_wconf 88' lang='lat' dir='ltr'><strong>tribuenda</strong></span> <span class='ocrx_word' id='word_1_254' title='bbox 301 3167 371 3229; x_wconf 90' lang='lat' dir='ltr'><strong>laus</strong></span> <span class='ocrx_word' id='word_1_255' title='bbox 402 3171 459 3245; x_wconf 89' lang='lat' dir='ltr'><strong>est,</strong></span> <span class='ocrx_word' id='word_1_256' title='bbox 493 3163 617 3230; x_wconf 87' lang='lat' dir='ltr'><strong>debetis</strong></span> <span class='ocrx_word' id='word_1_257' title='bbox 650 3166 780 3247; x_wconf 85' lang='lat' dir='ltr'><strong>moveri,</strong></span> <span class='ocrx_word' id='word_1_258' title='bbox 813 3185 884 3230; x_wconf 86' lang='lat' dir='ltr'><strong>cum</strong></span> <span class='ocrx_word' id='word_1_259' title='bbox 919 3163 965 3239; x_wconf 70' lang='lat' dir='ltr'><strong>Q„</strong></span> <span class='ocrx_word' id='word_1_260' title='bbox 981 3165 1143 3230; x_wconf 85' lang='lat' dir='ltr'><strong>Metellum</strong></span> 
     </span>
     <span class='ocr_line' id='line_1_30' title="bbox 22 3259 1142 3352; baseline 0.002 -26"><span class='ocrx_word' id='word_1_261' title='bbox 22 3259 23 3262; x_wconf 66' lang='grc'>’</span> <span class='ocrx_word' id='word_1_262' title='bbox 111 3271 172 3330; x_wconf 86' lang='lat' dir='ltr'><strong>tam</strong></span> <span class='ocrx_word' id='word_1_263' title='bbox 192 3269 245 3352; x_wconf 91' lang='lat' dir='ltr'><strong>pie</strong></span> <span class='ocrx_word' id='word_1_264' title='bbox 268 3268 376 3352; x_wconf 89' lang='lat' dir='ltr'><strong>lugere</strong></span> <span class='ocrx_word' id='word_1_265' title='bbox 399 3263 557 3333; x_wconf 64' lang='lat' dir='ltr'><strong>videatis?</strong></span> <span class='ocrx_word' id='word_1_266' title='bbox 580 3288 620 3334; x_wconf 87' lang='grc'><strong>61</strong></span> <span class='ocrx_word' id='word_1_267' title='bbox 643 3288 761 3350; x_wconf 87' lang='lat' dir='ltr'><strong>genere</strong></span> <span class='ocrx_word' id='word_1_268' title='bbox 777 3275 901 3333; x_wconf 88' lang='lat' dir='ltr'><strong>autem:</strong></span> <span class='ocrx_word' id='word_1_269' title='bbox 926 3259 964 3330; x_wconf 82' lang='lat' dir='ltr'><strong>‘si</strong></span> <span class='ocrx_word' id='word_1_270' title='bbox 980 3266 1142 3348; x_wconf 87' lang='lat' dir='ltr'><strong>magistra-</strong></span> 
     </span>
     <span class='ocr_line' id='line_1_31' title="bbox 69 3367 1141 3455; baseline 0.005 -29"><span class='ocrx_word' id='word_1_271' title='bbox 69 3377 96 3426; x_wconf 83' lang='grc'><strong>36</strong></span> <span class='ocrx_word' id='word_1_272' title='bbox 112 3373 159 3434; x_wconf 91' lang='lat' dir='ltr'><strong>tus</strong></span> <span class='ocrx_word' id='word_1_273' title='bbox 179 3371 209 3434; x_wconf 94' lang='lat' dir='ltr'><strong>in</strong></span> <span class='ocrx_word' id='word_1_274' title='bbox 233 3371 343 3455; x_wconf 90' lang='lat' dir='ltr'><strong>populi</strong></span> <span class='ocrx_word' id='word_1_275' title='bbox 365 3371 501 3435; x_wconf 88' lang='lat' dir='ltr'><strong>Romani</strong></span> <span class='ocrx_word' id='word_1_276' title='bbox 524 3391 594 3436; x_wconf 88' lang='grc'><strong>6666</strong></span> <span class='ocrx_word' id='word_1_277' title='bbox 620 3377 777 3454; x_wconf 82' lang='lat' dir='ltr'><strong>potestate</strong></span> <span class='ocrx_word' id='word_1_278' title='bbox 804 3370 932 3448; x_wconf 89' lang='lat' dir='ltr'><strong>debent,</strong></span> <span class='ocrx_word' id='word_1_279' title='bbox 962 3367 1038 3450; x_wconf 92' lang='lat' dir='ltr'><strong>quid</strong></span> <span class='ocrx_word' id='word_1_280' title='bbox 1065 3369 1141 3433; x_wconf 90' lang='lat' dir='ltr'><strong>Nor-</strong></span> 
     </span>
     <span class='ocr_line' id='line_1_32' title="bbox 24 3469 1141 3555; baseline 0.001 -22"><span class='ocrx_word' id='word_1_281' title='bbox 24 3470 28 3503; x_wconf 62' lang='lat'><strong>*</strong></span> <span class='ocrx_word' id='word_1_282' title='bbox 111 3470 222 3538; x_wconf 89' lang='lat' dir='ltr'><strong>banum</strong></span> <span class='ocrx_word' id='word_1_283' title='bbox 244 3494 386 3555; x_wconf 86' lang='lat' dir='ltr'><strong>accusas,</strong></span> <span class='ocrx_word' id='word_1_284' title='bbox 410 3474 499 3539; x_wconf 91' lang='lat' dir='ltr'><strong>cuius</strong></span> <span class='ocrx_word' id='word_1_285' title='bbox 521 3475 700 3539; x_wconf 86' lang='lat' dir='ltr'><strong>tribunatus</strong></span> <span class='ocrx_word' id='word_1_286' title='bbox 723 3473 879 3539; x_wconf 83' lang='lat' dir='ltr'><strong>voluntati</strong></span> <span class='ocrx_word' id='word_1_287' title='bbox 909 3471 1013 3554; x_wconf 91' lang='lat' dir='ltr'><strong>paruit</strong></span> <span class='ocrx_word' id='word_1_288' title='bbox 1035 3469 1141 3535; x_wconf 85' lang='lat' dir='ltr'><strong>civita-</strong></span> 
     </span>
     <span class='ocr_line' id='line_1_33' title="bbox 112 3565 1210 3662; baseline 0.004 -26"><span class='ocrx_word' id='word_1_289' title='bbox 112 3571 180 3638; x_wconf 62' lang='grc'><strong>6161</strong></span> <span class='ocrx_word' id='word_1_290' title='bbox 202 3598 243 3642; x_wconf 85' lang='lat' dir='ltr'><strong>ex</strong></span> <span class='ocrx_word' id='word_1_291' title='bbox 266 3584 356 3662; x_wconf 88' lang='lat' dir='ltr'><strong>parte</strong></span> <span class='ocrx_word' id='word_1_292' title='bbox 378 3583 485 3643; x_wconf 87' lang='lat' dir='ltr'><strong>autem</strong></span> <span class='ocrx_word' id='word_1_293' title='bbox 516 3598 554 3642; x_wconf 89' lang='grc'><strong>66</strong></span> <span class='ocrx_word' id='word_1_294' title='bbox 584 3599 665 3660; x_wconf 90' lang='lat' dir='ltr'><strong>quae</strong></span> <span class='ocrx_word' id='word_1_295' title='bbox 693 3586 741 3643; x_wconf 87' lang='lat' dir='ltr'><strong>est</strong></span> <span class='ocrx_word' id='word_1_296' title='bbox 772 3578 914 3643; x_wconf 90' lang='lat' dir='ltr'><strong>subiecta</strong></span> <span class='ocrx_word' id='word_1_297' title='bbox 944 3573 1070 3656; x_wconf 87' lang='lat' dir='ltr'><strong>generi:</strong></span> <span class='ocrx_word' id='word_1_298' title='bbox 1103 3565 1140 3637; x_wconf 91' lang='lat' dir='ltr'><strong>‘si</strong></span> <span class='ocrx_word' id='word_1_299' title='bbox 1161 3594 1210 3640; x_wconf 87' lang='grc'><strong>166</strong></span> 
     </span>
     <span class='ocr_line' id='line_1_34' title="bbox 112 3675 1141 3765; baseline -0.004 -23"><span class='ocrx_word' id='word_1_300' title='bbox 112 3694 212 3746; x_wconf 85' lang='lat' dir='ltr'><strong>omnes</strong></span> <span class='ocrx_word' id='word_1_301' title='bbox 235 3682 289 3765; x_wconf 91' lang='lat' dir='ltr'><strong>qui</strong></span> <span class='ocrx_word' id='word_1_302' title='bbox 312 3681 526 3765; x_wconf 84' lang='lat' dir='ltr'><strong>reipublicae</strong></span> <span class='ocrx_word' id='word_1_303' title='bbox 550 3683 716 3747; x_wconf 91' lang='lat' dir='ltr'><strong>consulunt</strong></span> <span class='ocrx_word' id='word_1_304' title='bbox 739 3681 803 3744; x_wconf 88' lang='lat' dir='ltr'><strong>cari</strong></span> <span class='ocrx_word' id='word_1_305' title='bbox 819 3676 911 3745; x_wconf 89' lang='lat' dir='ltr'><strong>nobis</strong></span> <span class='ocrx_word' id='word_1_306' title='bbox 927 3695 997 3740; x_wconf 89' lang='lat' dir='ltr'><strong>esse</strong></span> <span class='ocrx_word' id='word_1_307' title='bbox 1013 3675 1141 3756; x_wconf 89' lang='lat' dir='ltr'><strong>debent,</strong></span> 
     </span>
    </p>
   </div>
   <div class='ocr_carea' id='block_1_3' title="bbox 109 3778 1140 3870">
    <p class='ocr_par' dir='ltr' id='par_1_3' title="bbox 109 3778 1140 3870">
     <span class='ocr_line' id='line_1_35' title="bbox 109 3778 1140 3870; baseline -0.009 -19"><span class='ocrx_word' id='word_1_308' title='bbox 109 3786 240 3850; x_wconf 69' lang='grc' dir='ltr'><strong>ὓ6166111</strong></span> <span class='ocrx_word' id='word_1_309' title='bbox 264 3785 375 3870; x_wconf 90' lang='lat' dir='ltr'><strong>primis</strong></span> <span class='ocrx_word' id='word_1_310' title='bbox 396 3785 612 3868; x_wconf 88' lang='lat' dir='ltr'><strong>imperatores,</strong></span> <span class='ocrx_word' id='word_1_311' title='bbox 637 3804 764 3867; x_wconf 91' lang='lat' dir='ltr'><strong>quorum</strong></span> <span class='ocrx_word' id='word_1_312' title='bbox 790 3778 928 3847; x_wconf 89' lang='lat' dir='ltr'><strong>consiliis</strong></span> <span class='ocrx_word' id='word_1_313' title='bbox 951 3778 1066 3843; x_wconf 88' lang='lat' dir='ltr'><strong>virtute</strong></span> <span class='ocrx_word' id='word_1_314' title='bbox 1089 3797 1140 3860; x_wconf 93' lang='lat' dir='ltr'><strong>pe-</strong></span> 
     </span>
    </p>
   </div>
   <div class='ocr_carea' id='block_1_4' title="bbox 157 3885 984 3938">
    <p class='ocr_par' dir='ltr' id='par_1_4' title="bbox 157 3885 984 3938">
     <span class='ocr_line' id='line_1_36' title="bbox 157 3885 984 3938; baseline -0.008 0"><span class='ocrx_word' id='word_1_315' title='bbox 157 3896 262 3938; x_wconf 76' lang='lat' dir='ltr'><strong>Ciceronis</strong></span> <span class='ocrx_word' id='word_1_316' title='bbox 277 3897 303 3938; x_wconf 85' lang='lat' dir='ltr'><strong>de</strong></span> <span class='ocrx_word' id='word_1_317' title='bbox 317 3900 401 3938; x_wconf 83' lang='lat' dir='ltr'><strong>oratore</strong></span> <span class='ocrx_word' id='word_1_318' title='bbox 415 3896 473 3936; x_wconf 89' lang='lat' dir='ltr'><strong>libri.</strong></span> <span class='ocrx_word' id='word_1_319' title='bbox 969 3885 984 3931; x_wconf 89' lang='lat'>8</span> 
     </span>
    </p>
   </div>
   <div class='ocr_carea' id='block_1_5' title="bbox 1164 3041 1211 3162">
    <p class='ocr_par' dir='ltr' id='par_1_5' title="bbox 1164 3041 1211 3162">
     <span class='ocr_line' id='line_1_37' title="bbox 1166 3041 1204 3094; baseline 0 0"><span class='ocrx_word' id='word_1_320' title='bbox 1166 3041 1204 3094; x_wconf 83' lang='lat'><strong>40</strong></span> 
     </span>
     <span class='ocr_line' id='line_1_38' title="bbox 1164 3115 1211 3162; baseline 0 -1"><span class='ocrx_word' id='word_1_321' title='bbox 1164 3115 1211 3162; x_wconf 78' lang='lat'><strong>167</strong></span> 
     </span>
    </p>
   </div>
   <div class='ocr_carea' id='block_1_6' title="bbox 0 0 1422 4110">
    <p class='ocr_par' dir='ltr' id='par_1_6' title="bbox 0 0 1422 4110">
     <span class='ocr_line' id='line_1_39' title="bbox 0 0 1422 4110; baseline 0 7"><span class='ocrx_word' id='word_1_322' title='bbox 0 0 1422 4110; x_wconf 95' lang='lat' dir='ltr'><strong> </strong></span> 
     </span>
    </p>
   </div>
   <div class='ocr_carea' id='block_1_7' title="bbox 975 4093 1194 4104">
    <p class='ocr_par' dir='ltr' id='par_1_7' title="bbox 975 4093 1194 4104">
     <span class='ocr_line' id='line_1_40' title="bbox 975 4093 1194 4104; baseline 0.005 -4"><span class='ocrx_word' id='word_1_323' title='bbox 975 4097 981 4100; x_wconf 84' lang='grc'>.</span> <span class='ocrx_word' id='word_1_324' title='bbox 1001 4093 1194 4104; x_wconf 75' lang='lat'>..-.-—-</span> 
     </span>
    </p>
   </div>
  </div>
 </body>
</html>
