2836 4114
338 253 449 307 LIBER
462 253 513 309 111.
539 253 749 311 cauae-24.
775 256 915 324 §al—91.
1081 243 1143 308 193

95 425 185 491 ratio
209 431 257 491 est
278 426 388 492 harum
408 427 522 494 artium
547 429 767 494 maximarum.
813 429 882 495 dies
906 439 938 497 et
959 438 1069 499 noctes
1094 433 1142 498 vi·

96 551 174 595 rum
197 549 320 595 summa
340 531 458 597 virtute
481 539 513 598 et
543 532 713 617 prudentia
738 533 927 601 videbamus
953 536 1141 621 philosopho

97 653 175 698 cum
198 653 326 718 operam
348 634 447 717 daret,
479 635 517 712 Q.
540 637 758 722 Tuberonem3
789 644 823 703 at
853 638 921 704 eius
951 641 1142 706 avunculum

96 737 159 803 vix
181 737 381 821 intellegeres
404 739 438 804 id
460 759 577 826 agere,
591 760 662 805 oum
681 724 792 826 ageret
813 748 931 825 tamen,
947 742 1141 810 Africanum.

59 843 164 907 sista
185 841 349 908 discuntur
371 842 474 926 facile,
498 845 526 910 si
550 852 581 910 et
602 852 727 911 tantum
750 867 857 913 sumas
888 855 1040 930 quantum
1063 870 1142 934 opus

97 946 144 1012 sit
164 952 197 1011 et
218 946 339 1012 habeas
361 948 415 1030 qui
438 946 552 1014 docere
583 948 717 1015 fideliter
746 950 847 1035 possit
877 958 908 1017 et
940 953 1023 1020 scias
1045 954 1142 1020 etiam

94 1049 170 1134 ipse
197 1049 336 1135 discere3
370 1051 427 1117 sed
457 1052 485 1118 si
514 1059 581 1119 tota
610 1053 679 1119 vita
707 1053 787 1118 nihil
808 1055 889 1122 velis
918 1055 1006 1122 aliud
1035 1078 1140 1143 agere,
1160 1067 1194 1116 88

95 1153 172 1237 ipsa
192 1155 337 1219 tractatio
360 1162 392 1222 et
413 1157 557 1239 quaestio
589 1156 709 1223 cotidie
740 1179 782 1224 ex
812 1180 847 1225 se
875 1161 981 1245 gignit
1010 1161 1140 1245 aliquid,
1220 1210 1222 1217 .

2 1281 3 1286 ’
98 1256 187 1340 quod
220 1277 292 1323 cum
321 1257 481 1326 desidiosa
516 1259 727 1328 delectatione
760 1263 909 1347 vestiges.
959 1265 1005 1330 ita
1037 1265 1074 1330 fit
1105 1273 1141 1331 ut

2 1365 4 1456 l
44 1372 76 1420 ιο
96 1362 231 1446 agitatio
254 1383 358 1428 rerum
380 1364 421 1429 sit
442 1364 578 1448 infinita,
611 1365 748 1450 cognitio
778 1367 891 1449 facilis,
921 1370 951 1433 si
973 1389 1049 1434 usus
1070 1369 1142 1434 doc-

2 1483 3 1528 3
96 1466 216 1530 trinam
249 1466 422 1550 confirmet,
460 1467 630 1535 mediocris
659 1490 756 1555 opera
788 1471 954 1554 tibuatur,
989 1473 1142 1539 memoria

2 1537 3 1606 l
97 1568 302 1652 studiumque
324 1579 518 1655 permaneat.
563 1572 642 1638 libet
664 1580 770 1639 autem
792 1594 918 1659 semper
940 1574 1082 1661 discere;
1106 1582 1142 1641 ut

97 1675 126 1740 si
149 1675 247 1740 velim
269 1697 329 1760 ego
352 1677 424 1743 talis
446 1678 565 1762 optime
586 1677 696 1743 ludere
718 1685 773 1744 aut
799 1679 873 1763 pila,
904 1678 1009 1744 studio
1032 1679 1141 1746 tericar

98 1781 196 1846 ctiam
219 1781 362 1862 fortasse,
386 1782 413 1847 si
435 1781 570 1864 adsequi
594 1802 659 1847 non
673 1782 811 1868 possim;
832 1789 866 1848 at
880 1782 946 1865 alii,
962 1785 1038 1867 quia
1053 1803 1140 1867 prae-

2 1860 11 1886 *
46 1894 77 1942 15
97 1887 183 1951 clare
206 1885 337 1967 faciunt,
367 1885 588 1952 vehementius
619 1907 715 1969 quam
745 1907 841 1952 causa
870 1888 1010 1973 postulat
1039 1886 1140 1953 delec-

2 1983 3 2002 ’
96 1997 215 2071 tantur,
249 1996 283 2054 ut
312 1989 415 2055 Titius
445 1990 519 2074 pila,
553 1991 662 2055 Brulla
690 1991 772 2056 talis.
819 2011 882 2074 qua
914 2012 949 2058 re
982 1991 1061 2057 nihil
1092 1999 1140 2058 cst
1159 2002 1191 2052 89

1 2081 8 2154 l
96 2094 184 2176 quod
199 2085 640 2179 quisquam'magnitudinem
663 2095 779 2160 artium
802 2116 843 2161 ex
866 2117 914 2178 eo,
939 2095 1024 2179 quod
1046 2115 1139 2162 senes

3 2199 5 2280 j
95 2198 235 2280 discunt,
257 2197 477 2283 pertimescat3
503 2219 641 2282 namque
664 2205 720 2264 aut
743 2219 836 2264 senes
858 2197 900 2263 ad
924 2219 978 2265 eas
1001 2218 1140 2265 accesse-

3 2307 6 2392 ζ
95 2309 172 2367 runt
193 2307 249 2366 aut
269 2321 370 2384 usque
392 2299 435 2366 ad
458 2309 654 2369 senectutem
676 2303 710 2368 in
733 2301 846 2370 studiis
876 2302 1057 2368 detinentur
1083 2309 1139 2368 aut

3 2405 4 2414 ’
45 2415 77 2462 20
96 2412 179 2472 sunt
194 2404 375 2471 tardissimi.
421 2425 473 2472 res
496 2407 624 2490 quidem
646 2426 681 2472 se
703 2426 776 2471 mea
790 2407 949 2473 sententia
963 2407 1009 2472 sic
1031 2407 1138 2490 habet,

3 2577 4 2590 ,
94 2516 143 2590 ut,
173 2509 235 2574 nisi
265 2507 349 2591 quod
378 2510 512 2592 quisque
534 2511 597 2575 cito
626 2509 771 2593 potuerit,
806 2532 979 2594 numquam
1010 2511 1138 2577 omnino

3 2615 4 2658 l
94 2613 198 2698 possit
219 2611 418 2698 perdiscere?
463 2613 547 2696 iam,
571 2613 645 2677 iam’
669 2614 773 2697 inquit
802 2616 934 2682 Catulus
967 2616 1136 2699 intellego,
1156 2586 1195 2710 ἒξ

97 2717 223 2798 Crasse,
253 2715 330 2799 quid
359 2715 466 2801 dicas3
498 2725 530 2784 et
561 2717 690 2784 hercule
719 2717 889 2785 adsentior.
936 2719 1014 2786 satis
1043 2718 1137 2785 video

95 2820 156 2886 tibi
178 2819 298 2887 homini
320 2819 363 2885 ad
377 2819 621 2905 perdiscendum
636 2822 789 2889 acerrimo
805 2823 847 2888 ad
863 2842 902 2888 ea
917 2821 1138 2907 cognoscenda

3 2961 4 2988 r
44 2932 76 2981 25
97 2943 180 3007 quae
207 2924 286 2989 dicis
317 2923 416 2990 fuisse
448 2924 620 3010 temporis’
666 2926 833 3010 ‘pergisne’
867 2927 971 3012 inqru‘t
1005 2927 1137 2994 Crassus

97 3033 167 3110 ‘me,
192 3048 273 3112 quae
296 3027 410 3110 dicam,
434 3028 475 3095 de
498 3049 559 3111 mc,
583 3049 647 3094 non
670 3027 710 3094 de
732 3049 767 3095 re
789 3035 902 3113 putare
926 3030 1056 3097 dicere?
1079 3029 1136 3096 sed

96 3133 170 3215 iam,
193 3133 222 3198 si
242 3133 356 3217 placet,
378 3131 421 3198 ad
442 3134 589 3198 instituta
613 3131 801 3198 redeamus'
844 3131 936 3200 *mihi
965 3138 1051 3200 verc'
1080 3135 1136 3200 Ca-

96 3237 179 3302 tulus
200 3237 305 3319 inquit
327 3237 462 3321 ‘placet‘

199 3341 282 3405 Tum
304 3340 438 3407 Crassus
462 3344 620 3424 ‘quorsum
643 3340 739 3426 igitur
760 3341 840 3406 haec
870 3339 1004 3427 spectat’
1034 3339 1185 3422 inquitet

46 3453 79 3502 30
99 3449 172 3509 ‘tam
193 3445 292 3529 longa
313 3450 345 3509 et
367 3451 433 3509 tam
455 3445 521 3510 alte
543 3444 679 3528 repetita
701 3445 821 3511 oratio?
845 3442 907 3510 hae
923 3442 1007 3507 duae
1029 3450 1135 3527 partes

97 3568 179 3630 quae
200 3547 279 3613 mihi
301 3555 479 3632 supersunt,
503 3547 722 3614 inlustrandae
737 3547 888 3614 orationis
903 3565 941 3611 ac
957 3546 1054 3612 totius
1077 3547 1136 3613 elo

97 3653 245 3734 quentiae
268 3651 487 3734 cumulandae,
511 3672 645 3734 quarum
660 3653 761 3718 altera
775 3648 838 3715 dici
852 3648 992 3735 postulat
1017 3657 1136 3733 ornate,

97 3756 195 3822 altera
228 3763 313 3841 apte,
348 3754 431 3820 hanc
464 3757 584 3821 habent
610 3756 685 3838 vim,
721 3763 757 3821 ut
790 3753 831 3820 sit
865 3773 961 3838 quam
997 3755 1136 3822 maxime

96 3859 244 3942 iucunda,
272 3880 367 3944 quam
400 3861 539 3926 maxime
571 3860 605 3924 in
636 3881 748 3926 sensus
778 3877 887 3926 eorum
920 3857 975 3940 qui
1005 3860 1138 3928 audiunt

148 3971 257 4014 Ciceronis
270 3972 297 4013 dc
311 3973 394 4013 oratore
409 3971 469 4012 libri.
930 3965 962 4013 13
