2866 4110
306 195 348 258 66
522 211 635 266 ulans
653 213 675 267 1.
706 211 912 268 unaue-co.
940 219 958 278 5
976 217 1121 270 aaa-256.

244 362 282 415 60

235 437 286 483 254
305 392 403 450 torem
437 385 522 450 dare.
569 406 644 450 nam
674 384 759 467 quod
787 385 866 452 dicis
898 394 1094 452 senectutem
1124 409 1144 452 a
1174 387 1336 454 solitudine

304 488 459 554 vindicari
494 490 571 554 iuris
595 489 696 554 civilis
718 489 866 575 scientia,
889 490 1023 556 fortasse
1058 491 1154 556 etiam
1187 493 1337 574 pecuniae

303 593 538 676 magnitudine!
578 593 634 658 sed
655 614 712 657 nos
735 613 798 658 non
822 594 1006 675 quidnobis
1028 594 1115 676 utile,
1138 615 1251 660 verum
1266 595 1337 678 quid

303 698 419 762 oratori
442 697 657 762 necessarium
679 697 720 761 sit
735 698 925 779 quaerimus,
972 718 1174 780 quamquam,
1191 701 1337 780 quoniam

238 791 242 798 ’
302 803 399 866 multa
422 800 463 864 ad
486 802 617 866 oratoris
640 801 878 866 similitudinem
901 803 941 867 ab
958 823 1021 867 uno
1036 802 1157 868 artifice
1177 803 1364 884 sumimuss

302 906 381 970 solet
402 905 488 968 idem
511 905 642 970 Roscius
673 904 778 970 dicere
805 925 849 987 se,
881 926 942 988 quo
964 907 1035 990 plus
1066 907 1126 972 sibi
1153 908 1270 972 aetatis
1293 929 1337 972 ac·
1417 975 1418 988 ¹

302 1008 438 1089 cederet,
462 1028 499 1074 eo
522 1008 675 1074 tardiores
691 1009 830 1074 tibicinis
845 1009 955 1075 modos
971 1017 1002 1074 et
1018 1018 1129 1075 cantus
1143 1011 1337 1076 remissiores

301 1131 371 1177 esse
393 1113 559 1178 facturum.
606 1113 719 1196 quodsi
741 1114 793 1179 ille
816 1114 963 1179 astrictus
978 1122 1065 1179 certa
1080 1113 1218 1196 quadam
1234 1135 1337 1180 nume-

300 1237 405 1281 rorum
427 1217 643 1282 moderatione
665 1224 697 1282 et
718 1217 836 1302 pedum
859 1224 966 1282 tamen
988 1217 1109 1300 aliquid
1131 1217 1174 1282 ad
1196 1219 1336 1300 requiem
1417 1267 1418 1280 ,

300 1321 472 1385 senectutis
495 1322 664 1404 excogitat,
689 1328 808 1403 quanto
831 1321 954 1386 facilius
977 1342 1036 1387 nos
1058 1342 1122 1386 non
1146 1322 1256 1387 laxare
1277 1343 1336 1386 mo
1353 1340 1379 1384 ro

230 1437 280 1484 255
300 1424 366 1505 dos,
391 1424 448 1488 sed
470 1431 552 1489 totos
574 1431 696 1490 mutare
718 1425 911 1508 possumus?
955 1445 1059 1508 neque
1090 1424 1175 1490 enim
1205 1425 1267 1490 hoo
1297 1434 1336 1506 te,

299 1528 423 1609 Crasse,
447 1527 539 1610 fallit,
564 1549 658 1610 quarn
688 1529 786 1593 multa
817 1529 881 1593 sint
911 1534 943 1592 et
973 1548 1068 1610 quam
1098 1528 1189 1592 varia
1218 1549 1337 1613 genera
1417 1609 1418 1612 Ἴ

298 1630 435 1712 dicendi,
459 1631 493 1696 id
516 1630 600 1713 quod
627 1631 713 1696 haud
743 1633 841 1697 sciam
870 1653 912 1696 an
942 1638 976 1696 tu
1003 1633 1123 1714 primus
1149 1632 1335 1714 ostenderis,

298 1735 352 1818 qui
374 1735 438 1800 iarn
461 1734 516 1799 diu
531 1737 629 1801 multo
645 1735 724 1800 dicis
738 1735 899 1800 remissius
915 1742 947 1799 et
961 1735 1063 1799 lenius
1086 1755 1181 1816 quarn
1197 1736 1335 1820 solebam

297 1859 400 1922 neque
423 1841 527 1905 minus
549 1839 629 1905 haee
656 1847 763 1903 tamen
786 1845 841 1903 tua
855 1839 1036 1922 gravissimi
1052 1839 1206 1903 sermonis
1221 1839 1335 1904 lenitas
1353 1857 1380 1904 15

296 1965 390 2026 quam
414 1944 469 2009 illa
499 1965 622 2010 summa
652 1944 701 2008 vis
732 1949 764 2009 et
794 1944 952 2009 contentio
980 1944 1146 2027 probatur;
1182 1944 1335 2026 multique
1417 1977 1418 1996 1

296 2055 434 2114 oratores
456 2049 593 2130 fuerunt,
617 2055 652 2113 ut
673 2049 761 2113 illum
777 2047 958 2131 Scipionem
972 2047 1118 2112 audimus
1134 2055 1166 2112 et
1180 2048 1334 2130 Laelium,

296 2153 349 2234 qui
380 2153 486 2217 omnia
517 2173 660 2217 sermone
689 2151 880 2217 conficerent
910 2151 1005 2234 paulo
1035 2150 1216 2232 intentiore,
1248 2173 1335 2217 num-

294 2276 400 2338 quam,
425 2262 459 2319 ut
474 2255 540 2320 Ser.
558 2255 670 2335 Galba,
693 2255 845 2320 lateribus
867 2262 923 2319 aut
938 2255 1075 2319 clamore
1095 2255 1333 2321 contenderent.

294 2358 408 2440 quodsi
439 2358 504 2422 iam
533 2358 593 2423 hoc
623 2359 729 2422 facere
759 2377 823 2422 non
852 2359 970 2442 poteris
1000 2365 1055 2423 aut
1084 2359 1183 2440 noles,
1214 2361 1335 2426 vereris
1351 2383 1381 2429 ao

295 2482 336 2526 ne
359 2469 415 2526 tua
437 2461 549 2526 domus
572 2462 644 2526 talis
668 2468 699 2526 et
722 2461 782 2526 viri
805 2463 948 2544 eteius,
973 2463 999 2528 si
1023 2482 1043 2526 a
1064 2463 1210 2546 litigiosis
1237 2464 1335 2530 homi-

294 2566 388 2630 nibus
410 2585 474 2630 non
498 2566 626 2646 colatur,
649 2586 669 2630 a
692 2565 805 2630 ceteris
827 2565 1015 2631 deseratur?
1039 2564 1187 2648 equidem
1209 2573 1334 2632 tantum

293 2671 406 2735 absum
429 2668 470 2732 ab
493 2669 554 2734 ista
576 2669 744 2752 sententia,
760 2676 795 2733 ut
816 2689 881 2734 non
903 2669 996 2734 modo
1020 2690 1083 2734 non
1105 2670 1240 2736 arbitrer
1263 2674 1334 2737 sub-

294 2773 409 2838 sidium
433 2774 605 2838 senectutis
627 2773 661 2837 in
684 2794 792 2839 eorum
815 2773 869 2855 qui
893 2757 1068 2839 consultum
1098 2774 1230 2840 veniant
1257 2775 1335 2840 mul·

293 2877 429 2941 titudine
452 2897 522 2941 esse
544 2877 736 2960 ponendum,
765 2875 821 2942 sed
851 2883 1013 2959 tamquam
1039 2884 1164 2961 portum
1191 2879 1333 2961 aliquem
1352 2899 1385 2945 aa

293 2987 459 3065 expectem
482 2981 575 3045 istam
598 3001 693 3063 quam
716 2989 750 3045 tu
778 2981 870 3045 times
897 2979 1107 3047 solitudinem.
1154 2981 1332 3048 subsidium

293 3086 378 3148 enim
400 3085 605 3150 bellissimum
629 3085 775 3150 existimo
799 3104 868 3149 esse
892 3085 1047 3149 senectuti
1069 3085 1175 3150 otium.

222 3201 273 3250 256
396 3190 529 3271 Reliqua
556 3209 631 3254 vero
662 3189 785 3254 etiamsi
814 3186 978 3269 adiuvant,
1009 3187 1173 3254 historiam
1199 3190 1272 3256 dico
1300 3199 1333 3258 et

290 3293 491 3377 prudentiam
514 3293 590 3357 iuris
620 3293 740 3376 publici
770 3299 802 3357 et
824 3285 1033 3373 ‘antiquitatis
1063 3288 1132 3357 iter'
1163 3301 1195 3359 et
1226 3314 1331 3360 exem·

291 3399 412 3482 plorum
436 3398 569 3482 copiam,
593 3397 770 3479 siquando
801 3417 880 3481 opus
904 3396 971 3477 crit,
1003 3416 1023 3460 a
1052 3397 1120 3461 viro
1151 3399 1270 3482 optimo
1299 3405 1330 3465 et
1352 3417 1389 3465 30

290 3501 359 3565 istis
381 3504 476 3566 rebus
498 3501 750 3582 instructissimo,
767 3499 916 3565 familiari
938 3519 1009 3564 meo
1025 3500 1134 3584 Congo
1150 3505 1328 3568 mutuabor.

289 3625 392 3686 neque
414 3605 599 3688 repugnabo
623 3605 821 3687 quominus,
844 3601 878 3666 id
901 3601 984 3684 quod
1006 3602 1100 3668 modo
1115 3603 1260 3672 hortatus
1284 3626 1328 3685 es,

192 3766 198 3776 .
290 3708 396 3773 omnia
418 3709 536 3791 legant,
560 3695 668 3774 omnia
691 3708 832 3787 audiant,
862 3705 1005 3769 inomni
1035 3715 1121 3772 recto
1152 3708 1257 3776 studio
1284 3717 1331 3775 at·

290 3831 351 3888 que
373 3811 570 3877 humanitate
593 3820 767 3879 versentur.
815 3808 872 3875 sed
894 3807 1073 3875 mehercule
1097 3831 1161 3878 non
1183 3813 1230 3878 ita
1252 3815 1334 3880 mul-
