<?xml version="1.0" encoding="UTF-8"?>
<!DOCTYPE html PUBLIC "-//W3C//DTD XHTML 1.0 Transitional//EN"
    "http://www.w3.org/TR/xhtml1/DTD/xhtml1-transitional.dtd">
<html xmlns="http://www.w3.org/1999/xhtml" xml:lang="en" lang="en">
 <head>
  <title>
</title>
<meta http-equiv="Content-Type" content="text/html;charset=utf-8" />
  <meta name='ocr-system' content='tesseract 3.04.00' />
  <meta name='ocr-capabilities' content='ocr_page ocr_carea ocr_par ocr_line ocrx_word'/>
</head>
<body>
  <div class='ocr_page' id='page_1' title='image "./mtulliciceronis21cicegoog_0087.png"; bbox 0 0 2834 4110; ppageno 0'>
   <div class='ocr_carea' id='block_1_1' title="bbox 285 190 1080 270">
    <p class='ocr_par' dir='ltr' id='par_1_1' title="bbox 285 190 1080 270">
     <span class='ocr_line' id='line_1_1' title="bbox 285 190 1080 270; baseline 0.01 -18"><span class='ocrx_word' id='word_1_1' title='bbox 285 190 325 253; x_wconf 81' lang='grc'>78</span> <span class='ocrx_word' id='word_1_2' title='bbox 526 205 638 259; x_wconf 86' lang='lat' dir='ltr'>LIBER</span> <span class='ocrx_word' id='word_1_3' title='bbox 657 205 694 260; x_wconf 92' lang='lat' dir='ltr'>II.</span> <span class='ocrx_word' id='word_1_4' title='bbox 729 205 811 260; x_wconf 77' lang='lat' dir='ltr'>OAP.</span> <span class='ocrx_word' id='word_1_5' title='bbox 824 209 900 262; x_wconf 85' lang='grc'>8-9.</span> <span class='ocrx_word' id='word_1_6' title='bbox 937 210 952 270; x_wconf 65' lang='grc' dir='ltr'>ἓ</span> <span class='ocrx_word' id='word_1_7' title='bbox 969 209 1080 262; x_wconf 85' lang='grc'><strong>32-36.</strong></span> 
     </span>
    </p>
   </div>
   <div class='ocr_carea' id='block_1_2' title="bbox 223 378 1414 3848">
    <p class='ocr_par' dir='ltr' id='par_1_2' title="bbox 284 378 1414 1287">
     <span class='ocr_line' id='line_1_2' title="bbox 284 378 1414 463; baseline 0 -19"><span class='ocrx_word' id='word_1_8' title='bbox 284 378 406 444; x_wconf 89' lang='lat' dir='ltr'>animos</span> <span class='ocrx_word' id='word_1_9' title='bbox 429 379 591 444; x_wconf 92' lang='lat' dir='ltr'>hominum</span> <span class='ocrx_word' id='word_1_10' title='bbox 623 385 655 444; x_wconf 89' lang='lat' dir='ltr'>et</span> <span class='ocrx_word' id='word_1_11' title='bbox 684 378 726 443; x_wconf 91' lang='lat' dir='ltr'>ad</span> <span class='ocrx_word' id='word_1_12' title='bbox 757 378 963 463; x_wconf 85' lang='lat' dir='ltr'>excipiendas</span> <span class='ocrx_word' id='word_1_13' title='bbox 994 399 1101 444; x_wconf 90' lang='lat' dir='ltr'>eorum</span> <span class='ocrx_word' id='word_1_14' title='bbox 1132 379 1327 444; x_wconf 80' lang='lat' dir='ltr'>voluntates</span> <span class='ocrx_word' id='word_1_15' title='bbox 1413 391 1414 434; x_wconf 74' lang='grc'>1</span> 
     </span>
     <span class='ocr_line' id='line_1_3' title="bbox 284 482 1330 566; baseline 0 -19"><span class='ocrx_word' id='word_1_16' title='bbox 284 482 377 547; x_wconf 90' lang='lat' dir='ltr'>huius</span> <span class='ocrx_word' id='word_1_17' title='bbox 400 483 445 546; x_wconf 90' lang='lat' dir='ltr'>rei</span> <span class='ocrx_word' id='word_1_18' title='bbox 468 482 634 548; x_wconf 88' lang='lat' dir='ltr'>scientiam</span> <span class='ocrx_word' id='word_1_19' title='bbox 657 483 683 546; x_wconf 91' lang='lat' dir='ltr'>si</span> <span class='ocrx_word' id='word_1_20' title='bbox 707 482 777 564; x_wconf 93' lang='lat' dir='ltr'>quis</span> <span class='ocrx_word' id='word_1_21' title='bbox 799 483 884 547; x_wconf 91' lang='lat' dir='ltr'>volet</span> <span class='ocrx_word' id='word_1_22' title='bbox 906 503 1056 566; x_wconf 91' lang='lat' dir='ltr'>magnam</span> <span class='ocrx_word' id='word_1_23' title='bbox 1087 482 1251 565; x_wconf 87' lang='lat' dir='ltr'>quandam</span> <span class='ocrx_word' id='word_1_24' title='bbox 1282 504 1330 547; x_wconf 92' lang='lat' dir='ltr'>ar·</span> 
     </span>
     <span class='ocr_line' id='line_1_4' title="bbox 285 585 1330 670; baseline 0.001 -20"><span class='ocrx_word' id='word_1_25' title='bbox 285 593 349 651; x_wconf 91' lang='lat' dir='ltr'>tem</span> <span class='ocrx_word' id='word_1_26' title='bbox 373 605 443 652; x_wconf 88' lang='lat' dir='ltr'>esse</span> <span class='ocrx_word' id='word_1_27' title='bbox 466 585 581 667; x_wconf 80' lang='lat' dir='ltr'><strong>dicere,</strong></span> <span class='ocrx_word' id='word_1_28' title='bbox 605 605 669 650; x_wconf 90' lang='lat' dir='ltr'>non</span> <span class='ocrx_word' id='word_1_29' title='bbox 691 587 885 669; x_wconf 80' lang='lat' dir='ltr'>repugnabo.</span> <span class='ocrx_word' id='word_1_30' title='bbox 932 585 1049 650; x_wconf 89' lang='lat' dir='ltr'>etenim</span> <span class='ocrx_word' id='word_1_31' title='bbox 1080 605 1152 649; x_wconf 89' lang='lat' dir='ltr'>curn</span> <span class='ocrx_word' id='word_1_32' title='bbox 1183 586 1330 670; x_wconf 79' lang='lat' dir='ltr'><strong>plerique</strong></span> 
     </span>
     <span class='ocr_line' id='line_1_5' title="bbox 285 687 1329 769; baseline -0.002 -15"><span class='ocrx_word' id='word_1_33' title='bbox 285 696 404 754; x_wconf 86' lang='lat' dir='ltr'>temere</span> <span class='ocrx_word' id='word_1_34' title='bbox 426 709 465 753; x_wconf 92' lang='lat' dir='ltr'>ac</span> <span class='ocrx_word' id='word_1_35' title='bbox 487 689 574 753; x_wconf 88' lang='lat' dir='ltr'>nulla</span> <span class='ocrx_word' id='word_1_36' title='bbox 596 688 717 753; x_wconf 89' lang='lat' dir='ltr'>ratione</span> <span class='ocrx_word' id='word_1_37' title='bbox 741 709 854 754; x_wconf 82' lang='lat' dir='ltr'>causas</span> <span class='ocrx_word' id='word_1_38' title='bbox 876 689 909 753; x_wconf 92' lang='lat' dir='ltr'>in</span> <span class='ocrx_word' id='word_1_39' title='bbox 933 687 1001 754; x_wconf 87' lang='lat' dir='ltr'>foro</span> <span class='ocrx_word' id='word_1_40' title='bbox 1024 689 1142 769; x_wconf 91' lang='lat' dir='ltr'>dicant,</span> <span class='ocrx_word' id='word_1_41' title='bbox 1167 710 1233 754; x_wconf 93' lang='lat' dir='ltr'>non</span> <span class='ocrx_word' id='word_1_42' title='bbox 1249 690 1329 753; x_wconf 90' lang='lat' dir='ltr'>nulli</span> 
     </span>
     <span class='ocr_line' id='line_1_6' title="bbox 285 792 1360 876; baseline -0.002 -20"><span class='ocrx_word' id='word_1_43' title='bbox 285 799 390 858; x_wconf 86' lang='lat' dir='ltr'>autem</span> <span class='ocrx_word' id='word_1_44' title='bbox 413 798 541 876; x_wconf 89' lang='lat' dir='ltr'>propter</span> <span class='ocrx_word' id='word_1_45' title='bbox 557 792 816 856; x_wconf 80' lang='lat' dir='ltr'>exercitationem</span> <span class='ocrx_word' id='word_1_46' title='bbox 831 799 887 856; x_wconf 88' lang='lat' dir='ltr'>aut</span> <span class='ocrx_word' id='word_1_47' title='bbox 908 798 1037 876; x_wconf 90' lang='lat' dir='ltr'>propter</span> <span class='ocrx_word' id='word_1_48' title='bbox 1063 792 1330 858; x_wconf 88' lang='lat' dir='ltr'>consuetudinem</span> <span class='ocrx_word' id='word_1_49' title='bbox 1346 808 1360 853; x_wconf 79' lang='lat'>5</span> 
     </span>
     <span class='ocr_line' id='line_1_7' title="bbox 286 893 1330 978; baseline 0.001 -19"><span class='ocrx_word' id='word_1_50' title='bbox 286 896 425 976; x_wconf 88' lang='lat' dir='ltr'>aliquam</span> <span class='ocrx_word' id='word_1_51' title='bbox 460 894 603 958; x_wconf 89' lang='lat' dir='ltr'>callidius</span> <span class='ocrx_word' id='word_1_52' title='bbox 637 893 670 958; x_wconf 93' lang='lat' dir='ltr'>id</span> <span class='ocrx_word' id='word_1_53' title='bbox 701 895 830 976; x_wconf 83' lang='lat' dir='ltr'>faciant,</span> <span class='ocrx_word' id='word_1_54' title='bbox 864 916 928 960; x_wconf 92' lang='lat' dir='ltr'>non</span> <span class='ocrx_word' id='word_1_55' title='bbox 959 902 1006 960; x_wconf 90' lang='lat' dir='ltr'>est</span> <span class='ocrx_word' id='word_1_56' title='bbox 1028 895 1159 960; x_wconf 91' lang='lat' dir='ltr'>dubium</span> <span class='ocrx_word' id='word_1_57' title='bbox 1188 897 1277 978; x_wconf 88' lang='lat' dir='ltr'>quin,</span> <span class='ocrx_word' id='word_1_58' title='bbox 1301 897 1330 960; x_wconf 89' lang='lat' dir='ltr'>si</span> 
     </span>
     <span class='ocr_line' id='line_1_8' title="bbox 287 995 1331 1081; baseline -0.001 -19"><span class='ocrx_word' id='word_1_59' title='bbox 287 998 357 1080; x_wconf 91' lang='lat' dir='ltr'>quis</span> <span class='ocrx_word' id='word_1_60' title='bbox 379 997 639 1062; x_wconf 85' lang='lat' dir='ltr'>animadverterit</span> <span class='ocrx_word' id='word_1_61' title='bbox 669 995 746 1078; x_wconf 90' lang='lat' dir='ltr'>quid</span> <span class='ocrx_word' id='word_1_62' title='bbox 776 998 817 1062; x_wconf 90' lang='lat' dir='ltr'>sit</span> <span class='ocrx_word' id='word_1_63' title='bbox 847 1018 910 1080; x_wconf 90' lang='lat' dir='ltr'>qua</span> <span class='ocrx_word' id='word_1_64' title='bbox 940 1018 974 1062; x_wconf 92' lang='lat' dir='ltr'>re</span> <span class='ocrx_word' id='word_1_65' title='bbox 1005 998 1059 1062; x_wconf 91' lang='lat' dir='ltr'>alii</span> <span class='ocrx_word' id='word_1_66' title='bbox 1089 997 1203 1062; x_wconf 89' lang='lat' dir='ltr'>melius</span> <span class='ocrx_word' id='word_1_67' title='bbox 1233 1018 1331 1081; x_wconf 87' lang='lat' dir='ltr'>quam</span> 
     </span>
     <span class='ocr_line' id='line_1_9' title="bbox 286 1099 1331 1185; baseline 0.001 -21"><span class='ocrx_word' id='word_1_68' title='bbox 286 1101 341 1165; x_wconf 93' lang='lat' dir='ltr'>alii</span> <span class='ocrx_word' id='word_1_69' title='bbox 363 1099 480 1181; x_wconf 85' lang='lat' dir='ltr'>dicant,</span> <span class='ocrx_word' id='word_1_70' title='bbox 504 1100 538 1164; x_wconf 93' lang='lat' dir='ltr'>id</span> <span class='ocrx_word' id='word_1_71' title='bbox 560 1100 660 1185; x_wconf 90' lang='lat' dir='ltr'>possit</span> <span class='ocrx_word' id='word_1_72' title='bbox 683 1106 802 1165; x_wconf 89' lang='lat' dir='ltr'>notare.</span> <span class='ocrx_word' id='word_1_73' title='bbox 849 1120 924 1185; x_wconf 90' lang='lat' dir='ltr'>ergo</span> <span class='ocrx_word' id='word_1_74' title='bbox 946 1100 980 1164; x_wconf 93' lang='lat' dir='ltr'>id</span> <span class='ocrx_word' id='word_1_75' title='bbox 1003 1101 1057 1184; x_wconf 93' lang='lat' dir='ltr'>qui</span> <span class='ocrx_word' id='word_1_76' title='bbox 1079 1106 1143 1165; x_wconf 86' lang='lat' dir='ltr'>toto</span> <span class='ocrx_word' id='word_1_77' title='bbox 1158 1101 1194 1165; x_wconf 93' lang='lat' dir='ltr'>in</span> <span class='ocrx_word' id='word_1_78' title='bbox 1209 1121 1331 1185; x_wconf 84' lang='lat' dir='ltr'>genere</span> 
     </span>
     <span class='ocr_line' id='line_1_10' title="bbox 287 1203 1332 1287; baseline 0.002 -20"><span class='ocrx_word' id='word_1_79' title='bbox 287 1203 407 1284; x_wconf 81' lang='lat' dir='ltr'>fecerit,</span> <span class='ocrx_word' id='word_1_80' title='bbox 430 1203 458 1268; x_wconf 91' lang='lat' dir='ltr'>is</span> <span class='ocrx_word' id='word_1_81' title='bbox 481 1204 508 1268; x_wconf 90' lang='lat' dir='ltr'>si</span> <span class='ocrx_word' id='word_1_82' title='bbox 530 1223 594 1267; x_wconf 92' lang='lat' dir='ltr'>non</span> <span class='ocrx_word' id='word_1_83' title='bbox 616 1204 712 1287; x_wconf 87' lang='lat' dir='ltr'>plane</span> <span class='ocrx_word' id='word_1_84' title='bbox 734 1210 845 1285; x_wconf 85' lang='lat' dir='ltr'>artem,</span> <span class='ocrx_word' id='word_1_85' title='bbox 869 1211 902 1268; x_wconf 89' lang='lat' dir='ltr'>at</span> <span class='ocrx_word' id='word_1_86' title='bbox 924 1205 1016 1285; x_wconf 90' lang='lat' dir='ltr'>quasi</span> <span class='ocrx_word' id='word_1_87' title='bbox 1038 1209 1140 1268; x_wconf 91' lang='lat' dir='ltr'>artem</span> <span class='ocrx_word' id='word_1_88' title='bbox 1167 1204 1332 1286; x_wconf 91' lang='lat' dir='ltr'>quandam</span> 
     </span>
    </p>

    <p class='ocr_par' dir='ltr' id='par_1_3' title="bbox 235 1306 1378 1598">
     <span class='ocr_line' id='line_1_11' title="bbox 235 1306 1378 1387; baseline 0.002 -19"><span class='ocrx_word' id='word_1_89' title='bbox 235 1321 268 1369; x_wconf 83' lang='lat'>33</span> <span class='ocrx_word' id='word_1_90' title='bbox 287 1307 455 1372; x_wconf 87' lang='lat' dir='ltr'>invenerit.</span> <span class='ocrx_word' id='word_1_91' title='bbox 500 1313 596 1387; x_wconf 93' lang='lat' dir='ltr'>atque</span> <span class='ocrx_word' id='word_1_92' title='bbox 619 1306 750 1387; x_wconf 86' lang='lat' dir='ltr'>utinam,</span> <span class='ocrx_word' id='word_1_93' title='bbox 774 1313 808 1371; x_wconf 89' lang='lat' dir='ltr'>ut</span> <span class='ocrx_word' id='word_1_94' title='bbox 834 1307 912 1371; x_wconf 92' lang='lat' dir='ltr'>mihi</span> <span class='ocrx_word' id='word_1_95' title='bbox 941 1306 996 1371; x_wconf 87' lang='lat' dir='ltr'>illa</span> <span class='ocrx_word' id='word_1_96' title='bbox 1017 1306 1128 1371; x_wconf 87' lang='lat' dir='ltr'>videor</span> <span class='ocrx_word' id='word_1_97' title='bbox 1157 1306 1270 1372; x_wconf 90' lang='lat' dir='ltr'>videre</span> <span class='ocrx_word' id='word_1_98' title='bbox 1295 1307 1378 1371; x_wconf 84' lang='grc'><strong>11113</strong></span> 
     </span>
     <span class='ocr_line' id='line_1_12' title="bbox 287 1409 1332 1492; baseline 0.002 -18"><span class='ocrx_word' id='word_1_99' title='bbox 287 1410 355 1475; x_wconf 82' lang='lat' dir='ltr'>loro</span> <span class='ocrx_word' id='word_1_100' title='bbox 377 1415 474 1492; x_wconf 90' lang='lat' dir='ltr'>atque</span> <span class='ocrx_word' id='word_1_101' title='bbox 496 1409 529 1473; x_wconf 92' lang='lat' dir='ltr'>in</span> <span class='ocrx_word' id='word_1_102' title='bbox 552 1409 665 1491; x_wconf 88' lang='lat' dir='ltr'>causis,</span> <span class='ocrx_word' id='word_1_103' title='bbox 688 1410 765 1474; x_wconf 90' lang='lat' dir='ltr'>item</span> <span class='ocrx_word' id='word_1_104' title='bbox 787 1429 871 1474; x_wconf 87' lang='lat' dir='ltr'>nunc</span> <span class='ocrx_word' id='word_1_105' title='bbox 895 1409 1055 1492; x_wconf 88' lang='lat' dir='ltr'>quemad</span> <span class='ocrx_word' id='word_1_106' title='bbox 1078 1409 1207 1474; x_wconf 92' lang='lat' dir='ltr'>modum</span> <span class='ocrx_word' id='word_1_107' title='bbox 1231 1429 1271 1475; x_wconf 87' lang='lat' dir='ltr'>ea</span> <span class='ocrx_word' id='word_1_108' title='bbox 1286 1432 1332 1476; x_wconf 92' lang='lat' dir='ltr'>re·</span> 
     </span>
     <span class='ocr_line' id='line_1_13' title="bbox 288 1513 933 1598; baseline -0.003 -20"><span class='ocrx_word' id='word_1_109' title='bbox 288 1513 465 1598; x_wconf 91' lang='lat' dir='ltr'>perirentur</span> <span class='ocrx_word' id='word_1_110' title='bbox 486 1532 613 1597; x_wconf 89' lang='lat' dir='ltr'>possem</span> <span class='ocrx_word' id='word_1_111' title='bbox 635 1513 727 1578; x_wconf 83' lang='lat' dir='ltr'>vobis</span> <span class='ocrx_word' id='word_1_112' title='bbox 751 1513 933 1595; x_wconf 85' lang='lat' dir='ltr'>exquirere!</span> 
     </span>
    </p>

    <p class='ocr_par' dir='ltr' id='par_1_4' title="bbox 288 1614 1414 2115">
     <span class='ocr_line' id='line_1_14' title="bbox 393 1614 1414 1724; baseline 0 -44"><span class='ocrx_word' id='word_1_113' title='bbox 393 1614 457 1682; x_wconf 85' lang='lat' dir='ltr'>Sed</span> <span class='ocrx_word' id='word_1_114' title='bbox 480 1615 520 1680; x_wconf 94' lang='lat' dir='ltr'>de</span> <span class='ocrx_word' id='word_1_115' title='bbox 543 1636 594 1681; x_wconf 91' lang='lat' dir='ltr'>me</span> <span class='ocrx_word' id='word_1_116' title='bbox 616 1615 742 1701; x_wconf 86' lang='lat' dir='ltr'>videro;</span> <span class='ocrx_word' id='word_1_117' title='bbox 775 1635 860 1680; x_wconf 90' lang='lat' dir='ltr'>nunc</span> <span class='ocrx_word' id='word_1_118' title='bbox 882 1616 942 1680; x_wconf 89' lang='lat' dir='ltr'>hoc</span> <span class='ocrx_word' id='word_1_119' title='bbox 968 1636 1119 1700; x_wconf 84' lang='lat' dir='ltr'>propono,</span> <span class='ocrx_word' id='word_1_120' title='bbox 1143 1615 1229 1698; x_wconf 93' lang='lat' dir='ltr'>quod</span> <span class='ocrx_word' id='word_1_121' title='bbox 1252 1617 1332 1682; x_wconf 90' lang='lat' dir='ltr'>mihi</span> <span class='ocrx_word' id='word_1_122' title='bbox 1413 1665 1414 1724; x_wconf 34' lang='lat' dir='ltr'>p</span> 
     </span>
     <span class='ocr_line' id='line_1_15' title="bbox 289 1719 1414 1808; baseline 0.001 -24"><span class='ocrx_word' id='word_1_123' title='bbox 289 1720 447 1804; x_wconf 80' lang='lat' dir='ltr'>persuasi:</span> <span class='ocrx_word' id='word_1_124' title='bbox 473 1721 618 1803; x_wconf 85' lang='lat' dir='ltr'>quamvis</span> <span class='ocrx_word' id='word_1_125' title='bbox 640 1740 693 1785; x_wconf 92' lang='lat' dir='ltr'>ars</span> <span class='ocrx_word' id='word_1_126' title='bbox 716 1740 779 1784; x_wconf 91' lang='lat' dir='ltr'>non</span> <span class='ocrx_word' id='word_1_127' title='bbox 803 1720 852 1800; x_wconf 84' lang='lat' dir='ltr'>sit,</span> <span class='ocrx_word' id='word_1_128' title='bbox 876 1725 983 1784; x_wconf 87' lang='lat' dir='ltr'>tamen</span> <span class='ocrx_word' id='word_1_129' title='bbox 1006 1719 1086 1784; x_wconf 90' lang='lat' dir='ltr'>nihil</span> <span class='ocrx_word' id='word_1_130' title='bbox 1102 1739 1172 1786; x_wconf 90' lang='lat' dir='ltr'>esse</span> <span class='ocrx_word' id='word_1_131' title='bbox 1187 1719 1332 1803; x_wconf 86' lang='lat' dir='ltr'>perfecto</span> <span class='ocrx_word' id='word_1_132' title='bbox 1413 1787 1414 1808; x_wconf 14' lang='grc' dir='ltr'>χ</span> 
     </span>
     <span class='ocr_line' id='line_1_16' title="bbox 289 1809 1414 1908; baseline -0.003 -19"><span class='ocrx_word' id='word_1_133' title='bbox 289 1829 411 1889; x_wconf 91' lang='lat' dir='ltr'>oratore</span> <span class='ocrx_word' id='word_1_134' title='bbox 433 1823 634 1908; x_wconf 90' lang='lat' dir='ltr'>praeclarius.</span> <span class='ocrx_word' id='word_1_135' title='bbox 677 1844 752 1888; x_wconf 90' lang='lat' dir='ltr'>nam</span> <span class='ocrx_word' id='word_1_136' title='bbox 775 1829 809 1887; x_wconf 92' lang='lat' dir='ltr'>ut</span> <span class='ocrx_word' id='word_1_137' title='bbox 830 1842 922 1887; x_wconf 90' lang='lat' dir='ltr'>usum</span> <span class='ocrx_word' id='word_1_138' title='bbox 946 1821 1074 1887; x_wconf 91' lang='lat' dir='ltr'>dicendi</span> <span class='ocrx_word' id='word_1_139' title='bbox 1096 1823 1252 1904; x_wconf 87' lang='lat' dir='ltr'>omittam,</span> <span class='ocrx_word' id='word_1_140' title='bbox 1276 1824 1378 1906; x_wconf 76' lang='lat' dir='ltr'>quire</span> <span class='ocrx_word' id='word_1_141' title='bbox 1413 1809 1414 1878; x_wconf 73' lang='grc'>1</span> 
     </span>
     <span class='ocr_line' id='line_1_17' title="bbox 288 1919 1414 2012; baseline 0 -20"><span class='ocrx_word' id='word_1_142' title='bbox 288 1928 322 1992; x_wconf 95' lang='lat' dir='ltr'>in</span> <span class='ocrx_word' id='word_1_143' title='bbox 346 1927 432 1993; x_wconf 92' lang='lat' dir='ltr'>omni</span> <span class='ocrx_word' id='word_1_144' title='bbox 454 1933 570 2012; x_wconf 87' lang='lat' dir='ltr'>pacata</span> <span class='ocrx_word' id='word_1_145' title='bbox 600 1933 631 1991; x_wconf 91' lang='lat' dir='ltr'>et</span> <span class='ocrx_word' id='word_1_146' title='bbox 660 1926 760 1991; x_wconf 86' lang='lat' dir='ltr'>libera</span> <span class='ocrx_word' id='word_1_147' title='bbox 790 1926 919 1990; x_wconf 88' lang='lat' dir='ltr'>civitate</span> <span class='ocrx_word' id='word_1_148' title='bbox 943 1925 1132 2008; x_wconf 87' lang='lat' dir='ltr'>dominatur,</span> <span class='ocrx_word' id='word_1_149' title='bbox 1160 1931 1252 1990; x_wconf 88' lang='lat' dir='ltr'>tanta</span> <span class='ocrx_word' id='word_1_150' title='bbox 1279 1928 1331 1992; x_wconf 94' lang='lat' dir='ltr'>ob·</span> <span class='ocrx_word' id='word_1_151' title='bbox 1413 1919 1414 1960; x_wconf 68' lang='lat'>³</span> 
     </span>
     <span class='ocr_line' id='line_1_18' title="bbox 288 2028 1331 2115; baseline 0 -21"><span class='ocrx_word' id='word_1_152' title='bbox 288 2031 416 2096; x_wconf 89' lang='lat' dir='ltr'>lectatio</span> <span class='ocrx_word' id='word_1_153' title='bbox 440 2036 489 2095; x_wconf 91' lang='lat' dir='ltr'>est</span> <span class='ocrx_word' id='word_1_154' title='bbox 510 2030 543 2094; x_wconf 92' lang='lat' dir='ltr'>in</span> <span class='ocrx_word' id='word_1_155' title='bbox 566 2031 637 2115; x_wconf 90' lang='lat' dir='ltr'>ipsa</span> <span class='ocrx_word' id='word_1_156' title='bbox 659 2028 810 2094; x_wconf 80' lang='lat' dir='ltr'>facultate</span> <span class='ocrx_word' id='word_1_157' title='bbox 833 2028 970 2110; x_wconf 88' lang='lat' dir='ltr'>dicendi,</span> <span class='ocrx_word' id='word_1_158' title='bbox 998 2035 1034 2093; x_wconf 90' lang='lat' dir='ltr'>ut</span> <span class='ocrx_word' id='word_1_159' title='bbox 1054 2029 1134 2094; x_wconf 90' lang='lat' dir='ltr'>nihil</span> <span class='ocrx_word' id='word_1_160' title='bbox 1164 2029 1331 2094; x_wconf 90' lang='lat' dir='ltr'>hominum</span> 
     </span>
    </p>

    <p class='ocr_par' dir='ltr' id='par_1_5' title="bbox 223 2131 1380 2937">
     <span class='ocr_line' id='line_1_19' title="bbox 223 2131 1332 2216; baseline 0 -20"><span class='ocrx_word' id='word_1_161' title='bbox 223 2149 271 2214; x_wconf 38' lang='grc'>,34</span> <span class='ocrx_word' id='word_1_162' title='bbox 289 2141 344 2198; x_wconf 92' lang='lat' dir='ltr'>aut</span> <span class='ocrx_word' id='word_1_163' title='bbox 366 2134 495 2198; x_wconf 90' lang='lat' dir='ltr'>auribus</span> <span class='ocrx_word' id='word_1_164' title='bbox 517 2140 572 2197; x_wconf 90' lang='lat' dir='ltr'>aut</span> <span class='ocrx_word' id='word_1_165' title='bbox 594 2134 754 2198; x_wconf 88' lang='lat' dir='ltr'>mentibus</span> <span class='ocrx_word' id='word_1_166' title='bbox 776 2131 944 2197; x_wconf 90' lang='lat' dir='ltr'>iucundius</span> <span class='ocrx_word' id='word_1_167' title='bbox 974 2133 1093 2216; x_wconf 87' lang='lat' dir='ltr'>percipi</span> <span class='ocrx_word' id='word_1_168' title='bbox 1120 2133 1230 2216; x_wconf 88' lang='lat' dir='ltr'>possit.</span> <span class='ocrx_word' id='word_1_169' title='bbox 1277 2133 1332 2216; x_wconf 92' lang='lat' dir='ltr'>qui</span> 
     </span>
     <span class='ocr_line' id='line_1_20' title="bbox 290 2234 1331 2319; baseline -0.002 -18"><span class='ocrx_word' id='word_1_170' title='bbox 290 2236 375 2301; x_wconf 88' lang='lat' dir='ltr'>enim</span> <span class='ocrx_word' id='word_1_171' title='bbox 401 2241 512 2300; x_wconf 87' lang='lat' dir='ltr'>cantus</span> <span class='ocrx_word' id='word_1_172' title='bbox 541 2234 705 2300; x_wconf 90' lang='lat' dir='ltr'>moderata</span> <span class='ocrx_word' id='word_1_173' title='bbox 734 2236 876 2302; x_wconf 90' lang='lat' dir='ltr'>oratione</span> <span class='ocrx_word' id='word_1_174' title='bbox 899 2235 1019 2300; x_wconf 90' lang='lat' dir='ltr'>dulcior</span> <span class='ocrx_word' id='word_1_175' title='bbox 1040 2235 1178 2301; x_wconf 86' lang='lat' dir='ltr'>inveniri</span> <span class='ocrx_word' id='word_1_176' title='bbox 1200 2236 1331 2319; x_wconf 78' lang='lat' dir='ltr'>potest?</span> 
     </span>
     <span class='ocr_line' id='line_1_21' title="bbox 289 2338 1380 2424; baseline -0.001 -22"><span class='ocrx_word' id='word_1_177' title='bbox 289 2338 373 2420; x_wconf 90' lang='lat' dir='ltr'>quod</span> <span class='ocrx_word' id='word_1_178' title='bbox 409 2358 537 2402; x_wconf 90' lang='lat' dir='ltr'>carmen</span> <span class='ocrx_word' id='word_1_179' title='bbox 566 2338 736 2402; x_wconf 86' lang='lat' dir='ltr'>artificiosa</span> <span class='ocrx_word' id='word_1_180' title='bbox 762 2339 931 2418; x_wconf 87' lang='lat' dir='ltr'>verborum</span> <span class='ocrx_word' id='word_1_181' title='bbox 965 2339 1165 2404; x_wconf 88' lang='lat' dir='ltr'>conclusione</span> <span class='ocrx_word' id='word_1_182' title='bbox 1199 2340 1331 2424; x_wconf 80' lang='lat' dir='ltr'>aptius?</span> <span class='ocrx_word' id='word_1_183' title='bbox 1350 2355 1380 2402; x_wconf 76' lang='lat'>20</span> 
     </span>
     <span class='ocr_line' id='line_1_22' title="bbox 291 2439 1330 2525; baseline 0.002 -21"><span class='ocrx_word' id='word_1_184' title='bbox 291 2440 344 2522; x_wconf 93' lang='lat' dir='ltr'>qui</span> <span class='ocrx_word' id='word_1_185' title='bbox 377 2445 465 2503; x_wconf 86' lang='lat' dir='ltr'>actor</span> <span class='ocrx_word' id='word_1_186' title='bbox 497 2439 652 2504; x_wconf 83' lang='lat' dir='ltr'>imitanda</span> <span class='ocrx_word' id='word_1_187' title='bbox 690 2459 784 2521; x_wconf 92' lang='lat' dir='ltr'>quam</span> <span class='ocrx_word' id='word_1_188' title='bbox 818 2449 921 2505; x_wconf 90' lang='lat' dir='ltr'>orator</span> <span class='ocrx_word' id='word_1_189' title='bbox 955 2441 1159 2525; x_wconf 86' lang='lat' dir='ltr'>suscipienda</span> <span class='ocrx_word' id='word_1_190' title='bbox 1195 2443 1330 2508; x_wconf 89' lang='lat' dir='ltr'>veritate</span> 
     </span>
     <span class='ocr_line' id='line_1_23' title="bbox 289 2540 1330 2628; baseline 0.003 -21"><span class='ocrx_word' id='word_1_191' title='bbox 289 2540 480 2607; x_wconf 84' lang='lat' dir='ltr'>iucundior?</span> <span class='ocrx_word' id='word_1_192' title='bbox 504 2541 581 2623; x_wconf 91' lang='lat' dir='ltr'>quid</span> <span class='ocrx_word' id='word_1_193' title='bbox 603 2547 709 2606; x_wconf 90' lang='lat' dir='ltr'>autem</span> <span class='ocrx_word' id='word_1_194' title='bbox 732 2542 877 2608; x_wconf 90' lang='lat' dir='ltr'>subtilius</span> <span class='ocrx_word' id='word_1_195' title='bbox 893 2564 988 2625; x_wconf 91' lang='lat' dir='ltr'>quam</span> <span class='ocrx_word' id='word_1_196' title='bbox 1008 2546 1138 2609; x_wconf 88' lang='lat' dir='ltr'>crebrae</span> <span class='ocrx_word' id='word_1_197' title='bbox 1153 2551 1330 2628; x_wconf 87' lang='lat' dir='ltr'>acutaeque</span> 
     </span>
     <span class='ocr_line' id='line_1_24' title="bbox 291 2644 1330 2732; baseline 0.003 -22"><span class='ocrx_word' id='word_1_198' title='bbox 291 2645 491 2711; x_wconf 78' lang='lat' dir='ltr'>sententiae?</span> <span class='ocrx_word' id='word_1_199' title='bbox 516 2644 591 2726; x_wconf 92' lang='lat' dir='ltr'>quid</span> <span class='ocrx_word' id='word_1_200' title='bbox 614 2644 831 2710; x_wconf 88' lang='lat' dir='ltr'>admirabilius</span> <span class='ocrx_word' id='word_1_201' title='bbox 854 2667 950 2728; x_wconf 90' lang='lat' dir='ltr'>quam</span> <span class='ocrx_word' id='word_1_202' title='bbox 980 2667 1031 2712; x_wconf 94' lang='lat' dir='ltr'>res</span> <span class='ocrx_word' id='word_1_203' title='bbox 1058 2647 1226 2732; x_wconf 86' lang='lat' dir='ltr'>splendore</span> <span class='ocrx_word' id='word_1_204' title='bbox 1253 2649 1330 2713; x_wconf 93' lang='lat' dir='ltr'>inlu-</span> 
     </span>
     <span class='ocr_line' id='line_1_25' title="bbox 291 2748 1330 2834; baseline 0.001 -19"><span class='ocrx_word' id='word_1_205' title='bbox 291 2756 389 2815; x_wconf 89' lang='lat' dir='ltr'>strata</span> <span class='ocrx_word' id='word_1_206' title='bbox 411 2749 603 2813; x_wconf 81' lang='lat' dir='ltr'>verborum?</span> <span class='ocrx_word' id='word_1_207' title='bbox 626 2748 703 2831; x_wconf 91' lang='lat' dir='ltr'>quid</span> <span class='ocrx_word' id='word_1_208' title='bbox 724 2749 849 2833; x_wconf 88' lang='lat' dir='ltr'>plenius</span> <span class='ocrx_word' id='word_1_209' title='bbox 865 2770 961 2832; x_wconf 90' lang='lat' dir='ltr'>quarn</span> <span class='ocrx_word' id='word_1_210' title='bbox 976 2751 1062 2815; x_wconf 90' lang='lat' dir='ltr'>omni</span> <span class='ocrx_word' id='word_1_211' title='bbox 1085 2770 1203 2834; x_wconf 90' lang='lat' dir='ltr'>genere</span> <span class='ocrx_word' id='word_1_212' title='bbox 1226 2771 1330 2816; x_wconf 90' lang='lat' dir='ltr'>rerum</span> 
     </span>
     <span class='ocr_line' id='line_1_26' title="bbox 292 2851 1379 2937; baseline 0.001 -20"><span class='ocrx_word' id='word_1_213' title='bbox 292 2853 450 2917; x_wconf 86' lang='lat' dir='ltr'>cumulata</span> <span class='ocrx_word' id='word_1_214' title='bbox 472 2851 594 2916; x_wconf 79' lang='lat' dir='ltr'>oratio?</span> <span class='ocrx_word' id='word_1_215' title='bbox 617 2872 722 2934; x_wconf 90' lang='lat' dir='ltr'>neque</span> <span class='ocrx_word' id='word_1_216' title='bbox 744 2852 809 2917; x_wconf 91' lang='lat' dir='ltr'>ulla</span> <span class='ocrx_word' id='word_1_217' title='bbox 830 2874 894 2919; x_wconf 93' lang='lat' dir='ltr'>non</span> <span class='ocrx_word' id='word_1_218' title='bbox 911 2853 1038 2937; x_wconf 90' lang='lat' dir='ltr'>propria</span> <span class='ocrx_word' id='word_1_219' title='bbox 1053 2855 1185 2919; x_wconf 90' lang='lat' dir='ltr'>oratoris</span> <span class='ocrx_word' id='word_1_220' title='bbox 1204 2874 1257 2920; x_wconf 88' lang='lat' dir='ltr'>res</span> <span class='ocrx_word' id='word_1_221' title='bbox 1273 2861 1329 2934; x_wconf 90' lang='lat' dir='ltr'>est,</span> <span class='ocrx_word' id='word_1_222' title='bbox 1348 2871 1379 2919; x_wconf 77' lang='lat'>25</span> 
     </span>
    </p>

    <p class='ocr_par' dir='ltr' id='par_1_6' title="bbox 239 2934 1378 3761">
     <span class='ocr_line' id='line_1_27' title="bbox 239 2934 1330 3056; baseline 0.002 -36"><span class='ocrx_word' id='word_1_223' title='bbox 239 2934 272 3056; x_wconf 72' lang='lat'>395</span> <span class='ocrx_word' id='word_1_224' title='bbox 293 2976 374 3038; x_wconf 93' lang='lat' dir='ltr'>quae</span> <span class='ocrx_word' id='word_1_225' title='bbox 398 2954 525 3036; x_wconf 88' lang='lat' dir='ltr'>quidem</span> <span class='ocrx_word' id='word_1_226' title='bbox 549 2961 658 3020; x_wconf 88' lang='lat' dir='ltr'>ornate</span> <span class='ocrx_word' id='word_1_227' title='bbox 681 2955 744 3019; x_wconf 91' lang='lat' dir='ltr'>dici</span> <span class='ocrx_word' id='word_1_228' title='bbox 764 2956 965 3038; x_wconf 83' lang='lat' dir='ltr'>graviterque</span> <span class='ocrx_word' id='word_1_229' title='bbox 984 2955 1088 3021; x_wconf 90' lang='lat' dir='ltr'>debet.</span> <span class='ocrx_word' id='word_1_230' title='bbox 1123 2956 1216 3022; x_wconf 90' lang='lat' dir='ltr'>huius</span> <span class='ocrx_word' id='word_1_231' title='bbox 1233 2958 1330 3022; x_wconf 91' lang='lat' dir='ltr'>estin</span> 
     </span>
     <span class='ocr_line' id='line_1_28' title="bbox 294 3056 1330 3144; baseline 0.002 -22"><span class='ocrx_word' id='word_1_232' title='bbox 294 3057 399 3122; x_wconf 92' lang='lat' dir='ltr'>dando</span> <span class='ocrx_word' id='word_1_233' title='bbox 416 3056 546 3122; x_wconf 89' lang='lat' dir='ltr'>consilio</span> <span class='ocrx_word' id='word_1_234' title='bbox 562 3057 602 3122; x_wconf 94' lang='lat' dir='ltr'>de</span> <span class='ocrx_word' id='word_1_235' title='bbox 617 3058 766 3122; x_wconf 85' lang='lat' dir='ltr'>maximis</span> <span class='ocrx_word' id='word_1_236' title='bbox 781 3060 876 3123; x_wconf 90' lang='lat' dir='ltr'>rebus</span> <span class='ocrx_word' id='word_1_237' title='bbox 897 3079 968 3122; x_wconf 91' lang='lat' dir='ltr'>cum</span> <span class='ocrx_word' id='word_1_238' title='bbox 990 3058 1147 3142; x_wconf 82' lang='lat' dir='ltr'>dignitate</span> <span class='ocrx_word' id='word_1_239' title='bbox 1170 3061 1330 3144; x_wconf 82' lang='lat' dir='ltr'>explicata</span> 
     </span>
     <span class='ocr_line' id='line_1_29' title="bbox 295 3159 1329 3246; baseline 0.002 -20"><span class='ocrx_word' id='word_1_240' title='bbox 295 3161 469 3244; x_wconf 89' lang='lat' dir='ltr'>sententia;</span> <span class='ocrx_word' id='word_1_241' title='bbox 494 3159 637 3225; x_wconf 90' lang='lat' dir='ltr'>eiusdem</span> <span class='ocrx_word' id='word_1_242' title='bbox 660 3166 691 3224; x_wconf 89' lang='lat' dir='ltr'>et</span> <span class='ocrx_word' id='word_1_243' title='bbox 713 3161 894 3244; x_wconf 89' lang='lat' dir='ltr'>languentis</span> <span class='ocrx_word' id='word_1_244' title='bbox 913 3162 1020 3246; x_wconf 91' lang='lat' dir='ltr'>populi</span> <span class='ocrx_word' id='word_1_245' title='bbox 1035 3162 1178 3226; x_wconf 88' lang='lat' dir='ltr'>incitatio</span> <span class='ocrx_word' id='word_1_246' title='bbox 1195 3168 1227 3226; x_wconf 93' lang='lat' dir='ltr'>et</span> <span class='ocrx_word' id='word_1_247' title='bbox 1243 3165 1329 3228; x_wconf 85' lang='lat' dir='ltr'>effre-</span> 
     </span>
     <span class='ocr_line' id='line_1_30' title="bbox 291 3262 1328 3351; baseline 0 -21"><span class='ocrx_word' id='word_1_248' title='bbox 291 3265 359 3330; x_wconf 91' lang='lat' dir='ltr'>nati</span> <span class='ocrx_word' id='word_1_249' title='bbox 374 3263 562 3348; x_wconf 80' lang='lat' dir='ltr'>moderati03</span> <span class='ocrx_word' id='word_1_250' title='bbox 587 3262 698 3328; x_wconf 90' lang='lat' dir='ltr'>eadem</span> <span class='ocrx_word' id='word_1_251' title='bbox 714 3263 865 3330; x_wconf 87' lang='lat' dir='ltr'>facultate</span> <span class='ocrx_word' id='word_1_252' title='bbox 882 3271 914 3329; x_wconf 92' lang='lat' dir='ltr'>et</span> <span class='ocrx_word' id='word_1_253' title='bbox 928 3264 1016 3329; x_wconf 88' lang='lat' dir='ltr'>fraus</span> <span class='ocrx_word' id='word_1_254' title='bbox 1031 3263 1193 3330; x_wconf 89' lang='lat' dir='ltr'>hominum</span> <span class='ocrx_word' id='word_1_255' title='bbox 1208 3266 1252 3330; x_wconf 89' lang='lat' dir='ltr'>ad</span> <span class='ocrx_word' id='word_1_256' title='bbox 1264 3288 1328 3351; x_wconf 90' lang='lat' dir='ltr'>per·</span> 
     </span>
     <span class='ocr_line' id='line_1_31' title="bbox 291 3364 1378 3450; baseline 0.001 -17"><span class='ocrx_word' id='word_1_257' title='bbox 291 3369 406 3434; x_wconf 89' lang='lat' dir='ltr'>niciem</span> <span class='ocrx_word' id='word_1_258' title='bbox 423 3375 454 3432; x_wconf 89' lang='lat' dir='ltr'>et</span> <span class='ocrx_word' id='word_1_259' title='bbox 471 3367 637 3450; x_wconf 86' lang='lat' dir='ltr'>integritas</span> <span class='ocrx_word' id='word_1_260' title='bbox 657 3364 700 3430; x_wconf 86' lang='lat' dir='ltr'>ad</span> <span class='ocrx_word' id='word_1_261' title='bbox 715 3367 849 3432; x_wconf 89' lang='lat' dir='ltr'>salutern</span> <span class='ocrx_word' id='word_1_262' title='bbox 861 3374 1000 3432; x_wconf 87' lang='lat' dir='ltr'>vocatur.</span> <span class='ocrx_word' id='word_1_263' title='bbox 1030 3368 1100 3448; x_wconf 88' lang='lat' dir='ltr'>quis</span> <span class='ocrx_word' id='word_1_264' title='bbox 1116 3367 1272 3435; x_wconf 89' lang='lat' dir='ltr'>cohortari</span> <span class='ocrx_word' id='word_1_265' title='bbox 1288 3367 1328 3434; x_wconf 88' lang='lat' dir='ltr'>ad</span> <span class='ocrx_word' id='word_1_266' title='bbox 1346 3389 1378 3434; x_wconf 82' lang='lat' dir='ltr'>ac</span> 
     </span>
     <span class='ocr_line' id='line_1_32' title="bbox 292 3469 1328 3554; baseline 0.004 -20"><span class='ocrx_word' id='word_1_267' title='bbox 292 3471 440 3535; x_wconf 89' lang='lat' dir='ltr'>virtutem</span> <span class='ocrx_word' id='word_1_268' title='bbox 456 3469 627 3550; x_wconf 86' lang='lat' dir='ltr'>ardentius,</span> <span class='ocrx_word' id='word_1_269' title='bbox 641 3470 710 3550; x_wconf 91' lang='lat' dir='ltr'>quis</span> <span class='ocrx_word' id='word_1_270' title='bbox 730 3491 750 3534; x_wconf 91' lang='lat' dir='ltr'>a</span> <span class='ocrx_word' id='word_1_271' title='bbox 767 3471 851 3536; x_wconf 90' lang='lat' dir='ltr'>vitiis</span> <span class='ocrx_word' id='word_1_272' title='bbox 867 3471 971 3534; x_wconf 90' lang='lat' dir='ltr'>acrius</span> <span class='ocrx_word' id='word_1_273' title='bbox 988 3491 1146 3552; x_wconf 88' lang='lat' dir='ltr'>revocare,</span> <span class='ocrx_word' id='word_1_274' title='bbox 1164 3472 1235 3554; x_wconf 91' lang='lat' dir='ltr'>quis</span> <span class='ocrx_word' id='word_1_275' title='bbox 1251 3475 1328 3538; x_wconf 86' lang='lat' dir='ltr'>vitu·</span> 
     </span>
     <span class='ocr_line' id='line_1_33' title="bbox 292 3571 1328 3658; baseline 0.004 -22"><span class='ocrx_word' id='word_1_276' title='bbox 292 3593 403 3655; x_wconf 80' lang='lat' dir='ltr'>perere</span> <span class='ocrx_word' id='word_1_277' title='bbox 415 3572 574 3654; x_wconf 90' lang='lat' dir='ltr'>improbos</span> <span class='ocrx_word' id='word_1_278' title='bbox 585 3573 738 3655; x_wconf 86' lang='lat' dir='ltr'>asperius,</span> <span class='ocrx_word' id='word_1_279' title='bbox 752 3573 823 3653; x_wconf 92' lang='lat' dir='ltr'>quis</span> <span class='ocrx_word' id='word_1_280' title='bbox 838 3571 967 3636; x_wconf 90' lang='lat' dir='ltr'>laudare</span> <span class='ocrx_word' id='word_1_281' title='bbox 979 3574 1078 3638; x_wconf 91' lang='lat' dir='ltr'>bonos</span> <span class='ocrx_word' id='word_1_282' title='bbox 1094 3574 1246 3656; x_wconf 87' lang='lat' dir='ltr'>ornatius,</span> <span class='ocrx_word' id='word_1_283' title='bbox 1258 3576 1328 3658; x_wconf 91' lang='lat' dir='ltr'>quis</span> 
     </span>
     <span class='ocr_line' id='line_1_34' title="bbox 294 3673 1329 3761; baseline 0.006 -23"><span class='ocrx_word' id='word_1_284' title='bbox 294 3673 498 3757; x_wconf 89' lang='lat' dir='ltr'>cupiditatem</span> <span class='ocrx_word' id='word_1_285' title='bbox 514 3673 734 3740; x_wconf 84' lang='lat' dir='ltr'>vehementius</span> <span class='ocrx_word' id='word_1_286' title='bbox 757 3675 904 3758; x_wconf 84' lang='lat' dir='ltr'>frangere</span> <span class='ocrx_word' id='word_1_287' title='bbox 919 3676 1098 3740; x_wconf 88' lang='lat' dir='ltr'>accusando</span> <span class='ocrx_word' id='word_1_288' title='bbox 1113 3678 1239 3759; x_wconf 82' lang='lat' dir='ltr'>potest?</span> <span class='ocrx_word' id='word_1_289' title='bbox 1260 3680 1329 3761; x_wconf 92' lang='lat' dir='ltr'>quis</span> 
     </span>
    </p>

    <p class='ocr_par' dir='ltr' id='par_1_7' title="bbox 241 3776 1329 3848">
     <span class='ocr_line' id='line_1_35' title="bbox 241 3776 1329 3848; baseline 0.004 -5"><span class='ocrx_word' id='word_1_290' title='bbox 241 3796 274 3843; x_wconf 84' lang='grc'>33</span> <span class='ocrx_word' id='word_1_291' title='bbox 294 3796 468 3840; x_wconf 90' lang='lat' dir='ltr'>maerorem</span> <span class='ocrx_word' id='word_1_292' title='bbox 483 3776 589 3840; x_wconf 82' lang='lat' dir='ltr'>levare</span> <span class='ocrx_word' id='word_1_293' title='bbox 611 3778 719 3842; x_wconf 85' lang='lat' dir='ltr'>mitius</span> <span class='ocrx_word' id='word_1_294' title='bbox 742 3776 959 3842; x_wconf 83' lang='lat' dir='ltr'>consolando?</span> <span class='ocrx_word' id='word_1_295' title='bbox 987 3777 1118 3842; x_wconf 91' lang='lat' dir='ltr'>historia</span> <span class='ocrx_word' id='word_1_296' title='bbox 1139 3800 1215 3844; x_wconf 87' lang='lat' dir='ltr'>vero</span> <span class='ocrx_word' id='word_1_297' title='bbox 1240 3783 1329 3848; x_wconf 89' lang='lat' dir='ltr'>testis</span> 
     </span>
    </p>
   </div>
   <div class='ocr_carea' id='block_1_3' title="bbox 0 0 1440 4110">
    <p class='ocr_par' dir='ltr' id='par_1_8' title="bbox 0 0 1440 4110">
     <span class='ocr_line' id='line_1_36' title="bbox 0 0 1440 4110; baseline 0 0"><span class='ocrx_word' id='word_1_298' title='bbox 0 0 1440 4110; x_wconf 95' lang='lat' dir='ltr'> </span> 
     </span>
    </p>
   </div>
  </div>
 </body>
</html>
