2866 4110
331 229 442 282 ursan
460 230 481 283 1.
512 229 595 284 cnr.
608 233 720 285 47-48.
750 232 928 293 sacr-208.
1102 213 1143 275 51

95 404 284 468 hortatione
308 421 366 467 sua
388 401 429 466 ad
451 400 590 467 studium
606 401 844 486 cognoscendae
860 399 1145 486 percipiendaeque

97 506 247 588 virtutis3
273 505 390 586 quibus
410 505 493 576 euim
512 504 546 568 id
561 523 747 588 persuasum
763 511 855 586 esset,
872 511 907 568 ut
922 503 1000 567 nihil
1015 503 1145 567 mallent

98 629 171 675 esse
195 628 232 674 se
256 627 354 689 quarn
371 608 470 682 bonos
486 607 580 688 viros,
596 607 635 672 116
658 608 811 689 reliquam
834 607 960 672 facilem
983 626 1052 672 esse
1075 604 1145 670 doc-

97 713 236 777 trinam:
267 711 314 776 sic
337 729 397 792 ego
418 711 577 794 intellego,
602 711 629 775 si
651 710 684 775 in
706 711 789 775 haec
811 730 893 792 qnae
914 708 1065 794 patefecit
1080 729 1145 773 ora-

61 816 188 880 stione
216 833 278 880 sua
300 813 434 879 Crassus
455 813 573 878 intrare
595 813 767 894 volueritis,
791 813 940 878 facillime
963 833 1020 878 vos
1042 812 1084 876 ad
1107 832 1145 877 ea

102 938 185 1000 quae
217 917 334 1000 cupitis
364 921 570 1000 perventuros
599 917 640 980 ab
671 915 732 982 hoc
760 915 849 980 aditu
875 916 1034 998 ianuaque
1060 921 1145 999 pate·

101 1015 209 1085 facta.³
255 1013 361 1084 ‘nobis
383 1015 468 1086 uero’
491 1019 593 1100 inquit
615 1018 772 1102 Sulpicius
794 1011 867 1083 ‘ista
894 1026 968 1084 sunt
996 1026 1146 1104 pergrata
1164 1027 1215 1076 205

100 1143 224 1208 perque
247 1120 399 1186 iucunda.
438 1121 495 1187 sed
517 1141 619 1205 pauca
642 1122 739 1186 etiam
761 1121 949 1204 requirimus
971 1123 1004 1188 in
1027 1123 1146 1206 primis-

102 1246 166 1308 que
192 1246 232 1290 ea
263 1245 345 1306 quae
376 1223 469 1290 valde
499 1224 638 1289 breviter
668 1230 752 1304 616,
778 1226 900 1306 Crasse,
925 1225 964 1290 de
987 1226 1057 1309 ipsa
1079 1230 1147 1289 arte

46 1349 81 1396 ιο
102 1348 256 1414 percursa
279 1334 363 1408 sunt,
388 1347 458 1390 curn
480 1327 536 1391 illa
559 1333 590 1391 te
606 1333 638 1392 et
653 1347 717 1391 uon
734 1335 936 1393 contemnere
951 1336 982 1394 et
999 1327 1147 1393 didicisse

104 1431 310 1496 confiterere:
342 1451 381 1494 ea
403 1430 429 1496 si
456 1431 550 1514 paulo
576 1431 671 1495 latius
700 1429 830 1510 dixeris,
858 1432 995 1515 expleris
1021 1450 1147 1495 omnem

102 1533 361 1617 expectationem
388 1532 525 1596 dicunni
549 1532 698 1598 desiderii
721 1533 828 1598 nostri.
875 1556 950 1599 narn
973 1554 1057 1598 nunc
1080 1533 1142 1614 qui-

102 1637 163 1702 bus
185 1635 378 1702 studendum
404 1637 500 1701 rebus
530 1642 614 1701 esset
640 1637 831 1720 accepimus,
857 1636 941 1718 quod
967 1637 1071 1719 ipsum
1100 1643 1147 1701 est

102 1745 211 1803 tamen
234 1758 403 1822 magnum;
428 1739 486 1803 sed
506 1738 576 1802 vias
599 1757 707 1803 carum
729 1759 832 1804 rerum
856 1739 1074 1819 rationemque
1097 1759 1146 1802 cu·

51 1863 83 1908 16
101 1842 208 1926 pimus
237 1836 451 1924 cognoscerc.'
495 1834 607 1923 ‘quid‘l
635 1835 685 1922 si,'
707 1842 809 1924 inquit
833 1842 965 1906 Crassus
986 1833 1147 1920 ‘quoniam
1166 1850 1216 1898 206

103 1965 174 2027 ego,
202 1965 266 2026 quo
294 1943 417 2009 facilius
443 1964 500 2010 vos
527 1942 612 2028 apud
641 1965 692 2010 mc
719 1951 869 2026 tenerem,
893 1951 1017 2008 vestrae
1043 1943 1147 2026 potius

104 2050 275 2114 obsecutus
303 2067 373 2112 sum
398 2047 553 2114 voluntati
577 2067 671 2128 quam
697 2054 752 2111 ant
775 2044 995 2112 consuetudini
1017 2051 1072 2110 aut
1094 2066 1145 2109 na-

104 2160 195 2216 turae
221 2170 323 2230 meae,
355 2150 491 2234 petimus
520 2151 560 2214 ab
591 2151 730 2215 Antonio
760 2156 795 2214 ut
825 2170 863 2214 66
895 2167 976 2230 quac
1007 2148 1147 2213 eontinet

106 2275 210 2336 neque
233 2253 339 2318 adhuc
361 2253 498 2337 protulit,
523 2273 564 2318 ex
587 2253 702 2334 quibus
724 2274 822 2317 unum
844 2252 985 2342 libellum
1009 2251 1070 2316 sibi
1092 2271 1144 2315 ex-

54 2373 87 2420 16
107 2357 222 2423 cidisse
244 2357 309 2420 iam
332 2355 451 2420 dudum
473 2362 603 2438 questus
623 2361 681 2437 661,
699 2356 835 2440 explicet
857 2357 949 2421 nobis
973 2361 1004 2419 ct
1026 2355 1079 2420 illa
1102 2355 1146 2418 di-

70 2527 78 2538 ,
108 2459 201 2525 cendi
223 2460 377 2542 mysteria
400 2460 542 2524 enuntiet
550 2455 576 2523 :³¹
622 2453 667 2522 ‘ut
689 2453 825 2523 videtur’
846 2459 949 2541 inquit
972 2458 1146 2542 Sulpicius3

107 2555 191 2628 ‘uam
207 2562 347 2626 Antonio
369 2561 495 2627 dicente
519 2561 615 2626 etiarn
631 2561 708 2643 quid
723 2567 757 2626 tu
772 2562 939 2646 intellegas
955 2557 1148 2626 sentiemus.³

109 2657 191 2748 ‘peto
214 2659 322 2749 igitur'
346 2665 477 2733 Crassus
499 2665 602 2746 inquit
624 2657 655 2727 ‘a
678 2671 718 2745 te,
743 2665 892 2746 quoniam
915 2665 948 2729 id
971 2665 1073 2744 nobis,
1087 2665 1149 2728 An·
1167 2679 1217 2726 207

108 2771 183 2851 toni,
206 2769 389 2835 homiuibus
415 2768 448 2833 id
474 2768 588 2834 aetatis
619 2769 724 2848 oneris
754 2769 794 2834 ab
826 2769 938 2834 horum
968 2768 1149 2834 adulescen-

59 2881 90 2928 25
109 2872 185 2937 tium
217 2871 331 2938 studiis
360 2872 540 2955 imponitur,
571 2877 606 2934 ut
637 2890 780 2955 exponas
810 2872 887 2954 quid
916 2872 956 2937 iis
987 2869 1027 2936 dc
1055 2871 1149 2935 rebus

111 2996 188 3057 quas
210 2997 230 3040 a
253 2982 286 3039 te
309 2976 419 3056 quaeri
440 2974 531 3040 vides
555 2968 699 3039 sentias.³
735 2967 979 3058 ‘deprehensum
1003 2972 1149 3056 equidem
1173 2981 1210 3036 48

111 3075 170 3143 me'
192 3079 296 3162 inquit
320 3079 477 3144 Antonius
499 3071 604 3162 ‘plane
633 3076 727 3143 video
754 3085 849 3160 atque
877 3077 989 3158 sentio,
1014 3097 1077 3142 non
1105 3096 1151 3142 so-

112 3180 173 3246 lmn
196 3182 282 3266 quod
305 3202 343 3246 66
365 3183 565 3264 requiruntur
587 3202 607 3245 a
630 3201 680 3246 me
704 3201 835 3263 quorum
863 3202 932 3247 sum
955 3180 1085 3262 ignarus
1107 3187 1151 3244 at·

115 3303 172 3365 que
191 3285 343 3365 insolens,
360 3283 417 3374 sed
437 3285 521 3366 quia,
537 3282 623 3365 quod
640 3283 674 3347 in
690 3285 794 3350 causis
813 3284 908 3350 valde
928 3280 1038 3364 fugere
1054 3282 1151 3363 soleo,

63 3393 150 3452 3016
176 3389 245 3468 tibi,
271 3388 393 3468 Crasse,
422 3386 600 3467 succedam,
628 3385 662 3449 id
689 3408 775 3452 nuno
801 3407 852 3451 me
879 3385 932 3451 isti
959 3383 1060 3448 vitare
1088 3404 1151 3450 non

114 3489 225 3555 sinunt.
259 3510 370 3554 verum
385 3490 446 3555 hoc
459 3488 621 3574 ingrediar
642 3489 685 3553 ad
708 3509 746 3554 ea
769 3490 857 3572 quae*
872 3484 966 3553 voltis
988 3482 1150 3567 audacius,
1170 3499 1220 3547 208

113 3594 193 3674 quod
216 3593 305 3659 idem
326 3591 408 3658 milri
427 3613 519 3678 spero
541 3613 601 3658 usu
625 3611 694 3658 csse
717 3599 885 3659 venturum
908 3590 941 3652 in
963 3586 1025 3652 166
1047 3584 1151 3673 dispu-

112 3698 229 3763 tatione
254 3695 339 3780 quod
360 3698 394 3762 in
407 3695 552 3770 dicendo
576 3694 664 3775 solet,
688 3702 724 3759 ut
738 3696 825 3760 nulla
840 3693 1028 3776 expectetur
1038 3698 1151 3755 ornata

111 3801 216 3865 oratio.
247 3817 351 3879 neque
368 3799 452 3864 enim
468 3819 538 3863 sum
554 3797 593 3862 de
609 3803 677 3860 arte
696 3794 844 3872 dicturus,
862 3808 957 3872 quarn
977 3807 1149 3868 numquam

960 3889 993 3938 4*
