<?xml version="1.0" encoding="UTF-8"?>
<!DOCTYPE html PUBLIC "-//W3C//DTD XHTML 1.0 Transitional//EN"
    "http://www.w3.org/TR/xhtml1/DTD/xhtml1-transitional.dtd">
<html xmlns="http://www.w3.org/1999/xhtml" xml:lang="en" lang="en">
 <head>
  <title>
</title>
<meta http-equiv="Content-Type" content="text/html;charset=utf-8" />
  <meta name='ocr-system' content='tesseract 3.04.00' />
  <meta name='ocr-capabilities' content='ocr_page ocr_carea ocr_par ocr_line ocrx_word'/>
</head>
<body>
  <div class='ocr_page' id='page_1' title='image "./mtulliciceronis21cicegoog_0197.png"; bbox 0 0 2836 4114; ppageno 0'>
   <div class='ocr_carea' id='block_1_1' title="bbox 288 187 1093 269">
    <p class='ocr_par' dir='ltr' id='par_1_1' title="bbox 288 187 1093 269">
     <span class='ocr_line' id='line_1_1' title="bbox 288 187 1093 269; baseline 0.009 -17"><span class='ocrx_word' id='word_1_1' title='bbox 288 187 349 252; x_wconf 80' lang='lat'>182</span> <span class='ocrx_word' id='word_1_2' title='bbox 517 205 630 260; x_wconf 76' lang='lat' dir='ltr'>ursus</span> <span class='ocrx_word' id='word_1_3' title='bbox 643 205 694 260; x_wconf 91' lang='lat'>111.</span> <span class='ocrx_word' id='word_1_4' title='bbox 720 205 1093 269; x_wconf 78' lang='lat' dir='ltr'><strong>GAP.13-14.§49—52.</strong></span> 
     </span>
    </p>
   </div>
   <div class='ocr_carea' id='block_1_2' title="bbox 229 377 1391 1497">
    <p class='ocr_par' dir='ltr' id='par_1_2' title="bbox 232 377 1376 1288">
     <span class='ocr_line' id='line_1_2' title="bbox 232 377 1338 464; baseline 0.007 -27"><span class='ocrx_word' id='word_1_5' title='bbox 232 391 265 438; x_wconf 73' lang='lat' dir='ltr'>aa</span> <span class='ocrx_word' id='word_1_6' title='bbox 285 385 351 444; x_wconf 88' lang='lat' dir='ltr'>tur:</span> <span class='ocrx_word' id='word_1_7' title='bbox 375 379 488 444; x_wconf 82' lang='lat' dir='ltr'><strong>Latine</strong></span> <span class='ocrx_word' id='word_1_8' title='bbox 519 379 638 444; x_wconf 90' lang='lat' dir='ltr'>scilicet</span> <span class='ocrx_word' id='word_1_9' title='bbox 669 377 815 459; x_wconf 90' lang='lat' dir='ltr'>dicendo,</span> <span class='ocrx_word' id='word_1_10' title='bbox 846 378 953 444; x_wconf 85' lang='lat' dir='ltr'>verbis</span> <span class='ocrx_word' id='word_1_11' title='bbox 982 378 1108 444; x_wconf 90' lang='lat' dir='ltr'>usitatis</span> <span class='ocrx_word' id='word_1_12' title='bbox 1138 399 1176 443; x_wconf 90' lang='lat' dir='ltr'>ac</span> <span class='ocrx_word' id='word_1_13' title='bbox 1197 381 1338 464; x_wconf 92' lang='lat' dir='ltr'>proprie</span> 
     </span>
     <span class='ocr_line' id='line_1_3' title="bbox 284 481 1336 566; baseline 0.002 -19"><span class='ocrx_word' id='word_1_14' title='bbox 284 482 574 549; x_wconf 81' lang='lat' dir='ltr'>demonstrantibus</span> <span class='ocrx_word' id='word_1_15' title='bbox 597 502 635 548; x_wconf 92' lang='lat' dir='ltr'>ea</span> <span class='ocrx_word' id='word_1_16' title='bbox 657 503 739 564; x_wconf 91' lang='lat' dir='ltr'>quae</span> <span class='ocrx_word' id='word_1_17' title='bbox 755 481 927 566; x_wconf 83' lang='lat' dir='ltr'>significari</span> <span class='ocrx_word' id='word_1_18' title='bbox 943 502 981 546; x_wconf 90' lang='lat' dir='ltr'>ac</span> <span class='ocrx_word' id='word_1_19' title='bbox 997 481 1151 547; x_wconf 90' lang='lat' dir='ltr'>declarari</span> <span class='ocrx_word' id='word_1_20' title='bbox 1170 484 1336 564; x_wconf 76' lang='lat' dir='ltr'>volemuS,</span> 
     </span>
     <span class='ocr_line' id='line_1_4' title="bbox 284 585 1337 670; baseline 0 -20"><span class='ocrx_word' id='word_1_21' title='bbox 284 586 353 652; x_wconf 89' lang='lat' dir='ltr'>sine</span> <span class='ocrx_word' id='word_1_22' title='bbox 375 586 525 670; x_wconf 85' lang='lat' dir='ltr'>ambiguo</span> <span class='ocrx_word' id='word_1_23' title='bbox 548 587 646 650; x_wconf 87' lang='lat' dir='ltr'>verbo</span> <span class='ocrx_word' id='word_1_24' title='bbox 669 592 725 649; x_wconf 92' lang='lat' dir='ltr'>aut</span> <span class='ocrx_word' id='word_1_25' title='bbox 747 604 901 665; x_wconf 80' lang='lat' dir='ltr'>sermone,</span> <span class='ocrx_word' id='word_1_26' title='bbox 926 605 990 650; x_wconf 93' lang='lat' dir='ltr'>non</span> <span class='ocrx_word' id='word_1_27' title='bbox 1013 585 1108 650; x_wconf 92' lang='lat' dir='ltr'>nimis</span> <span class='ocrx_word' id='word_1_28' title='bbox 1130 586 1226 669; x_wconf 82' lang='lat' dir='ltr'>longa</span> <span class='ocrx_word' id='word_1_29' title='bbox 1254 607 1337 651; x_wconf 93' lang='lat' dir='ltr'>con-</span> 
     </span>
     <span class='ocr_line' id='line_1_5' title="bbox 282 687 1337 772; baseline 0.001 -19"><span class='ocrx_word' id='word_1_30' title='bbox 282 690 458 755; x_wconf 88' lang='lat' dir='ltr'>tinuatione</span> <span class='ocrx_word' id='word_1_31' title='bbox 481 689 660 768; x_wconf 87' lang='lat' dir='ltr'>verborum,</span> <span class='ocrx_word' id='word_1_32' title='bbox 683 708 748 752; x_wconf 95' lang='lat' dir='ltr'>non</span> <span class='ocrx_word' id='word_1_33' title='bbox 771 687 865 753; x_wconf 90' lang='lat' dir='ltr'>valde</span> <span class='ocrx_word' id='word_1_34' title='bbox 888 687 1050 772; x_wconf 88' lang='lat' dir='ltr'>productis</span> <span class='ocrx_word' id='word_1_35' title='bbox 1072 688 1112 753; x_wconf 91' lang='lat' dir='ltr'>iis</span> <span class='ocrx_word' id='word_1_36' title='bbox 1136 709 1217 770; x_wconf 90' lang='lat' dir='ltr'>quac</span> <span class='ocrx_word' id='word_1_37' title='bbox 1242 689 1337 755; x_wconf 88' lang='lat' dir='ltr'>simi·</span> 
     </span>
     <span class='ocr_line' id='line_1_6' title="bbox 283 790 1376 876; baseline -0.004 -20"><span class='ocrx_word' id='word_1_38' title='bbox 283 791 424 857; x_wconf 89' lang='lat' dir='ltr'>litudinis</span> <span class='ocrx_word' id='word_1_39' title='bbox 448 812 544 857; x_wconf 91' lang='lat' dir='ltr'>causa</span> <span class='ocrx_word' id='word_1_40' title='bbox 567 811 608 857; x_wconf 86' lang='lat' dir='ltr'>ex</span> <span class='ocrx_word' id='word_1_41' title='bbox 624 791 694 856; x_wconf 91' lang='lat' dir='ltr'>aliis</span> <span class='ocrx_word' id='word_1_42' title='bbox 709 793 804 856; x_wconf 91' lang='lat' dir='ltr'>rebus</span> <span class='ocrx_word' id='word_1_43' title='bbox 819 790 1060 872; x_wconf 77' lang='lat' dir='ltr'>transferuntur,</span> <span class='ocrx_word' id='word_1_44' title='bbox 1076 811 1142 857; x_wconf 92' lang='lat' dir='ltr'>non</span> <span class='ocrx_word' id='word_1_45' title='bbox 1157 791 1335 876; x_wconf 82' lang='lat' dir='ltr'><strong>discerptis</strong></span> <span class='ocrx_word' id='word_1_46' title='bbox 1357 805 1376 852; x_wconf 84' lang='lat'>5</span> 
     </span>
     <span class='ocr_line' id='line_1_7' title="bbox 283 894 1334 979; baseline 0.001 -18"><span class='ocrx_word' id='word_1_47' title='bbox 283 895 458 976; x_wconf 79' lang='lat' dir='ltr'>sententiis,</span> <span class='ocrx_word' id='word_1_48' title='bbox 493 916 557 960; x_wconf 92' lang='lat' dir='ltr'>non</span> <span class='ocrx_word' id='word_1_49' title='bbox 591 894 803 979; x_wconf 82' lang='lat' dir='ltr'>praeposteris</span> <span class='ocrx_word' id='word_1_50' title='bbox 837 894 1048 978; x_wconf 88' lang='lat' dir='ltr'>temporibus,</span> <span class='ocrx_word' id='word_1_51' title='bbox 1083 914 1149 959; x_wconf 93' lang='lat' dir='ltr'>non</span> <span class='ocrx_word' id='word_1_52' title='bbox 1184 895 1334 962; x_wconf 87' lang='lat' dir='ltr'>confusis</span> 
     </span>
     <span class='ocr_line' id='line_1_8' title="bbox 282 995 1334 1083; baseline 0 -19"><span class='ocrx_word' id='word_1_53' title='bbox 282 999 434 1083; x_wconf 79' lang='lat' dir='ltr'>personia,</span> <span class='ocrx_word' id='word_1_54' title='bbox 458 1018 522 1062; x_wconf 92' lang='lat' dir='ltr'>non</span> <span class='ocrx_word' id='word_1_55' title='bbox 537 997 720 1082; x_wconf 90' lang='lat' dir='ltr'>perturbato</span> <span class='ocrx_word' id='word_1_56' title='bbox 736 995 856 1062; x_wconf 89' lang='lat' dir='ltr'>ordine.</span> <span class='ocrx_word' id='word_1_57' title='bbox 896 995 973 1079; x_wconf 90' lang='lat' dir='ltr'>quid</span> <span class='ocrx_word' id='word_1_58' title='bbox 988 997 1113 1061; x_wconf 79' lang='lat' dir='ltr'>multa?</span> <span class='ocrx_word' id='word_1_59' title='bbox 1137 1004 1202 1062; x_wconf 90' lang='lat' dir='ltr'>tam</span> <span class='ocrx_word' id='word_1_60' title='bbox 1222 998 1334 1064; x_wconf 86' lang='lat' dir='ltr'>facilis</span> 
     </span>
     <span class='ocr_line' id='line_1_9' title="bbox 283 1098 1334 1184; baseline 0 -18"><span class='ocrx_word' id='word_1_61' title='bbox 283 1109 330 1167; x_wconf 89' lang='lat' dir='ltr'>est</span> <span class='ocrx_word' id='word_1_62' title='bbox 353 1107 419 1166; x_wconf 90' lang='lat' dir='ltr'>tota</span> <span class='ocrx_word' id='word_1_63' title='bbox 440 1120 500 1181; x_wconf 89' lang='lat' dir='ltr'>res,</span> <span class='ocrx_word' id='word_1_64' title='bbox 524 1107 559 1164; x_wconf 89' lang='lat' dir='ltr'>ut</span> <span class='ocrx_word' id='word_1_65' title='bbox 581 1099 659 1164; x_wconf 93' lang='lat' dir='ltr'>mihi</span> <span class='ocrx_word' id='word_1_66' title='bbox 682 1100 852 1184; x_wconf 90' lang='lat' dir='ltr'>permirum</span> <span class='ocrx_word' id='word_1_67' title='bbox 876 1119 972 1184; x_wconf 82' lang='lat' dir='ltr'>saepe</span> <span class='ocrx_word' id='word_1_68' title='bbox 994 1098 1150 1182; x_wconf 85' lang='lat' dir='ltr'>videatur,</span> <span class='ocrx_word' id='word_1_69' title='bbox 1175 1121 1247 1166; x_wconf 91' lang='lat' dir='ltr'>cum</span> <span class='ocrx_word' id='word_1_70' title='bbox 1267 1102 1334 1166; x_wconf 88' lang='lat' dir='ltr'>dif-</span> 
     </span>
     <span class='ocr_line' id='line_1_10' title="bbox 281 1201 1331 1288; baseline 0.001 -19"><span class='ocrx_word' id='word_1_71' title='bbox 281 1204 395 1269; x_wconf 86' lang='lat' dir='ltr'>ficilius</span> <span class='ocrx_word' id='word_1_72' title='bbox 418 1204 621 1287; x_wconf 83' lang='lat' dir='ltr'>intellegatur</span> <span class='ocrx_word' id='word_1_73' title='bbox 650 1201 727 1285; x_wconf 89' lang='lat' dir='ltr'>quid</span> <span class='ocrx_word' id='word_1_74' title='bbox 750 1209 902 1287; x_wconf 90' lang='lat' dir='ltr'>patronus</span> <span class='ocrx_word' id='word_1_75' title='bbox 931 1203 1010 1268; x_wconf 88' lang='lat' dir='ltr'>velit</span> <span class='ocrx_word' id='word_1_76' title='bbox 1032 1202 1150 1285; x_wconf 90' lang='lat' dir='ltr'>dicere,</span> <span class='ocrx_word' id='word_1_77' title='bbox 1178 1225 1274 1288; x_wconf 90' lang='lat' dir='ltr'>quam</span> <span class='ocrx_word' id='word_1_78' title='bbox 1299 1207 1331 1272; x_wconf 91' lang='lat' dir='ltr'>si</span> 
     </span>
    </p>

    <p class='ocr_par' dir='ltr' id='par_1_3' title="bbox 229 1305 1391 1497">
     <span class='ocr_line' id='line_1_11' title="bbox 229 1305 1391 1392; baseline 0.006 -25"><span class='ocrx_word' id='word_1_79' title='bbox 229 1318 263 1367; x_wconf 80' lang='lat'>50</span> <span class='ocrx_word' id='word_1_80' title='bbox 282 1308 351 1392; x_wconf 89' lang='lat' dir='ltr'>ipse</span> <span class='ocrx_word' id='word_1_81' title='bbox 374 1306 426 1371; x_wconf 91' lang='lat' dir='ltr'>ille</span> <span class='ocrx_word' id='word_1_82' title='bbox 450 1306 504 1389; x_wconf 90' lang='lat' dir='ltr'>qui</span> <span class='ocrx_word' id='word_1_83' title='bbox 526 1313 694 1390; x_wconf 89' lang='lat' dir='ltr'>patronum</span> <span class='ocrx_word' id='word_1_84' title='bbox 723 1305 855 1371; x_wconf 89' lang='lat' dir='ltr'>adhibet</span> <span class='ocrx_word' id='word_1_85' title='bbox 886 1305 925 1372; x_wconf 93' lang='lat' dir='ltr'>de</span> <span class='ocrx_word' id='word_1_86' title='bbox 948 1327 982 1372; x_wconf 90' lang='lat' dir='ltr'>re</span> <span class='ocrx_word' id='word_1_87' title='bbox 1010 1326 1068 1371; x_wconf 89' lang='lat' dir='ltr'>sua</span> <span class='ocrx_word' id='word_1_88' title='bbox 1094 1306 1225 1373; x_wconf 89' lang='lat' dir='ltr'>diceret.</span> <span class='ocrx_word' id='word_1_89' title='bbox 1271 1310 1330 1374; x_wconf 88' lang='lat' dir='ltr'>isti</span> <span class='ocrx_word' id='word_1_90' title='bbox 1354 1321 1391 1366; x_wconf 85' lang='grc'>10</span> 
     </span>
     <span class='ocr_line' id='line_1_12' title="bbox 282 1408 1330 1497; baseline 0.001 -22"><span class='ocrx_word' id='word_1_91' title='bbox 282 1411 366 1475; x_wconf 95' lang='lat' dir='ltr'>enim</span> <span class='ocrx_word' id='word_1_92' title='bbox 389 1409 444 1491; x_wconf 89' lang='lat' dir='ltr'>qui</span> <span class='ocrx_word' id='word_1_93' title='bbox 466 1408 508 1473; x_wconf 92' lang='lat' dir='ltr'>ad</span> <span class='ocrx_word' id='word_1_94' title='bbox 530 1429 589 1474; x_wconf 92' lang='lat' dir='ltr'>nos</span> <span class='ocrx_word' id='word_1_95' title='bbox 612 1429 725 1474; x_wconf 90' lang='lat' dir='ltr'>causas</span> <span class='ocrx_word' id='word_1_96' title='bbox 748 1409 896 1475; x_wconf 86' lang='lat' dir='ltr'>deferunt</span> <span class='ocrx_word' id='word_1_97' title='bbox 919 1410 965 1474; x_wconf 90' lang='lat' dir='ltr'>ita</span> <span class='ocrx_word' id='word_1_98' title='bbox 987 1429 1045 1476; x_wconf 91' lang='lat' dir='ltr'>nos</span> <span class='ocrx_word' id='word_1_99' title='bbox 1061 1410 1249 1495; x_wconf 90' lang='lat' dir='ltr'>plerumque</span> <span class='ocrx_word' id='word_1_100' title='bbox 1264 1413 1330 1497; x_wconf 90' lang='lat' dir='ltr'>ipsi</span> 
     </span>
    </p>
   </div>
   <div class='ocr_carea' id='block_1_3' title="bbox 281 1511 1386 2013">
    <p class='ocr_par' dir='ltr' id='par_1_4' title="bbox 281 1511 1386 2013">
     <span class='ocr_line' id='line_1_13' title="bbox 281 1511 1331 1597; baseline 0.004 -20"><span class='ocrx_word' id='word_1_101' title='bbox 281 1512 405 1593; x_wconf 89' lang='lat' dir='ltr'>docent,</span> <span class='ocrx_word' id='word_1_102' title='bbox 429 1519 548 1577; x_wconf 92' lang='lat' dir='ltr'>utnon</span> <span class='ocrx_word' id='word_1_103' title='bbox 572 1511 734 1578; x_wconf 86' lang='lat' dir='ltr'>desideres</span> <span class='ocrx_word' id='word_1_104' title='bbox 761 1513 886 1597; x_wconf 91' lang='lat' dir='ltr'>planius</span> <span class='ocrx_word' id='word_1_105' title='bbox 914 1512 986 1577; x_wconf 90' lang='lat' dir='ltr'>dici.</span> <span class='ocrx_word' id='word_1_106' title='bbox 1033 1512 1163 1578; x_wconf 87' lang='lat' dir='ltr'>easdem</span> <span class='ocrx_word' id='word_1_107' title='bbox 1194 1535 1246 1580; x_wconf 89' lang='lat' dir='ltr'>res</span> <span class='ocrx_word' id='word_1_108' title='bbox 1273 1537 1331 1580; x_wconf 88' lang='lat' dir='ltr'>au·</span> 
     </span>
     <span class='ocr_line' id='line_1_14' title="bbox 281 1605 1330 1704; baseline 0.003 -23"><span class='ocrx_word' id='word_1_109' title='bbox 281 1624 344 1682; x_wconf 92' lang='lat' dir='ltr'>tem</span> <span class='ocrx_word' id='word_1_110' title='bbox 368 1616 499 1682; x_wconf 89' lang='lat' dir='ltr'>simulac</span> <span class='ocrx_word' id='word_1_111' title='bbox 523 1605 631 1681; x_wconf 86' lang='lat' dir='ltr'>Fufius</span> <span class='ocrx_word' id='word_1_112' title='bbox 653 1623 709 1680; x_wconf 92' lang='lat' dir='ltr'>aut</span> <span class='ocrx_word' id='word_1_113' title='bbox 731 1623 837 1681; x_wconf 86' lang='lat' dir='ltr'>vester</span> <span class='ocrx_word' id='word_1_114' title='bbox 857 1616 1000 1697; x_wconf 90' lang='lat' dir='ltr'>aequalis</span> <span class='ocrx_word' id='word_1_115' title='bbox 1016 1617 1212 1700; x_wconf 92' lang='lat' dir='ltr'>Pomponius</span> <span class='ocrx_word' id='word_1_116' title='bbox 1228 1639 1330 1704; x_wconf 83' lang='lat' dir='ltr'>agere</span> 
     </span>
     <span class='ocr_line' id='line_1_15' title="bbox 281 1718 1327 1806; baseline 0 -20"><span class='ocrx_word' id='word_1_117' title='bbox 281 1723 395 1806; x_wconf 89' lang='lat' dir='ltr'>coepit,</span> <span class='ocrx_word' id='word_1_118' title='bbox 426 1742 489 1786; x_wconf 92' lang='lat' dir='ltr'>non</span> <span class='ocrx_word' id='word_1_119' title='bbox 518 1739 619 1803; x_wconf 90' lang='lat' dir='ltr'>aeque</span> <span class='ocrx_word' id='word_1_120' title='bbox 647 1718 723 1800; x_wconf 95' lang='lat' dir='ltr'>quid</span> <span class='ocrx_word' id='word_1_121' title='bbox 747 1718 864 1800; x_wconf 90' lang='lat' dir='ltr'>dicant,</span> <span class='ocrx_word' id='word_1_122' title='bbox 894 1721 956 1785; x_wconf 92' lang='lat' dir='ltr'>nisi</span> <span class='ocrx_word' id='word_1_123' title='bbox 986 1718 1159 1785; x_wconf 88' lang='lat' dir='ltr'>admodum</span> <span class='ocrx_word' id='word_1_124' title='bbox 1189 1723 1327 1803; x_wconf 90' lang='lat' dir='ltr'>attendi,</span> 
     </span>
     <span class='ocr_line' id='line_1_16' title="bbox 281 1822 1386 1908; baseline 0.003 -20"><span class='ocrx_word' id='word_1_125' title='bbox 281 1825 448 1908; x_wconf 79' lang='lat' dir='ltr'>intelleg03</span> <span class='ocrx_word' id='word_1_126' title='bbox 471 1825 517 1888; x_wconf 91' lang='lat' dir='ltr'>ita</span> <span class='ocrx_word' id='word_1_127' title='bbox 540 1822 673 1889; x_wconf 77' lang='lat' dir='ltr'>confusa</span> <span class='ocrx_word' id='word_1_128' title='bbox 696 1828 744 1888; x_wconf 91' lang='lat' dir='ltr'>est</span> <span class='ocrx_word' id='word_1_129' title='bbox 767 1822 877 1903; x_wconf 90' lang='lat' dir='ltr'>oratio,</span> <span class='ocrx_word' id='word_1_130' title='bbox 900 1823 946 1888; x_wconf 92' lang='lat' dir='ltr'>ita</span> <span class='ocrx_word' id='word_1_131' title='bbox 968 1823 1162 1908; x_wconf 88' lang='lat' dir='ltr'>perturbata,</span> <span class='ocrx_word' id='word_1_132' title='bbox 1186 1825 1268 1890; x_wconf 91' lang='lat' dir='ltr'>nihil</span> <span class='ocrx_word' id='word_1_133' title='bbox 1290 1833 1328 1891; x_wconf 88' lang='lat' dir='ltr'>ut</span> <span class='ocrx_word' id='word_1_134' title='bbox 1353 1835 1386 1883; x_wconf 79' lang='lat'>15</span> 
     </span>
     <span class='ocr_line' id='line_1_17' title="bbox 281 1924 1327 2013; baseline 0.001 -20"><span class='ocrx_word' id='word_1_135' title='bbox 281 1929 321 1993; x_wconf 91' lang='lat' dir='ltr'>sit</span> <span class='ocrx_word' id='word_1_136' title='bbox 344 1929 490 2013; x_wconf 89' lang='lat' dir='ltr'>primum,</span> <span class='ocrx_word' id='word_1_137' title='bbox 514 1927 592 1992; x_wconf 92' lang='lat' dir='ltr'>nihil</span> <span class='ocrx_word' id='word_1_138' title='bbox 622 1933 658 1991; x_wconf 85' lang='lat' dir='ltr'>ut</span> <span class='ocrx_word' id='word_1_139' title='bbox 688 1924 873 2008; x_wconf 88' lang='lat' dir='ltr'>secuudum,</span> <span class='ocrx_word' id='word_1_140' title='bbox 902 1933 1055 2010; x_wconf 89' lang='lat' dir='ltr'>tantaque</span> <span class='ocrx_word' id='word_1_141' title='bbox 1084 1927 1257 1994; x_wconf 91' lang='lat' dir='ltr'>insolentia</span> <span class='ocrx_word' id='word_1_142' title='bbox 1286 1950 1327 1994; x_wconf 90' lang='lat' dir='ltr'>ac</span> 
     </span>
    </p>
   </div>
   <div class='ocr_carea' id='block_1_4' title="bbox 184 2030 1379 3871">
    <p class='ocr_par' dir='ltr' id='par_1_5' title="bbox 280 2030 1327 2112">
     <span class='ocr_line' id='line_1_18' title="bbox 280 2030 1327 2112; baseline 0.003 -16"><span class='ocrx_word' id='word_1_143' title='bbox 280 2032 373 2097; x_wconf 91' lang='lat' dir='ltr'>turba</span> <span class='ocrx_word' id='word_1_144' title='bbox 395 2033 572 2112; x_wconf 88' lang='lat' dir='ltr'>verborum,</span> <span class='ocrx_word' id='word_1_145' title='bbox 604 2037 638 2095; x_wconf 94' lang='lat' dir='ltr'>ut</span> <span class='ocrx_word' id='word_1_146' title='bbox 668 2030 778 2111; x_wconf 87' lang='lat' dir='ltr'>oratio,</span> <span class='ocrx_word' id='word_1_147' title='bbox 809 2050 891 2111; x_wconf 88' lang='lat' dir='ltr'>quae</span> <span class='ocrx_word' id='word_1_148' title='bbox 914 2031 1021 2095; x_wconf 93' lang='lat' dir='ltr'>lumen</span> <span class='ocrx_word' id='word_1_149' title='bbox 1042 2030 1197 2097; x_wconf 90' lang='lat' dir='ltr'>adhihere</span> <span class='ocrx_word' id='word_1_150' title='bbox 1228 2035 1327 2099; x_wconf 91' lang='lat' dir='ltr'>rebus</span> 
     </span>
    </p>

    <p class='ocr_par' dir='ltr' id='par_1_6' title="bbox 184 2120 1326 2324">
     <span class='ocr_line' id='line_1_19' title="bbox 184 2120 1326 2220; baseline 0.002 -20"><span class='ocrx_word' id='word_1_151' title='bbox 184 2120 192 2132; x_wconf 54' lang='lat'>⁸</span> <span class='ocrx_word' id='word_1_152' title='bbox 281 2135 386 2217; x_wconf 87' lang='lat' dir='ltr'>debet,</span> <span class='ocrx_word' id='word_1_153' title='bbox 407 2155 446 2200; x_wconf 91' lang='lat' dir='ltr'>ea</span> <span class='ocrx_word' id='word_1_154' title='bbox 461 2136 685 2202; x_wconf 80' lang='lat' dir='ltr'>obscuritatem</span> <span class='ocrx_word' id='word_1_155' title='bbox 708 2142 740 2199; x_wconf 91' lang='lat' dir='ltr'>et</span> <span class='ocrx_word' id='word_1_156' title='bbox 762 2133 910 2199; x_wconf 89' lang='lat' dir='ltr'>tenebras</span> <span class='ocrx_word' id='word_1_157' title='bbox 933 2133 1057 2198; x_wconf 87' lang='lat' dir='ltr'>adferat</span> <span class='ocrx_word' id='word_1_158' title='bbox 1079 2140 1175 2217; x_wconf 90' lang='lat' dir='ltr'>atque</span> <span class='ocrx_word' id='word_1_159' title='bbox 1198 2142 1234 2200; x_wconf 91' lang='lat' dir='ltr'>ut</span> <span class='ocrx_word' id='word_1_160' title='bbox 1250 2157 1326 2220; x_wconf 91' lang='lat' dir='ltr'>quc·</span> 
     </span>
     <span class='ocr_line' id='line_1_20' title="bbox 281 2236 1323 2324; baseline 0.001 -20"><span class='ocrx_word' id='word_1_161' title='bbox 281 2240 356 2304; x_wconf 88' lang='lat' dir='ltr'>dam</span> <span class='ocrx_word' id='word_1_162' title='bbox 389 2238 483 2306; x_wconf 91' lang='lat' dir='ltr'>modo</span> <span class='ocrx_word' id='word_1_163' title='bbox 516 2239 577 2324; x_wconf 91' lang='lat' dir='ltr'>ipsi</span> <span class='ocrx_word' id='word_1_164' title='bbox 610 2239 670 2304; x_wconf 90' lang='lat' dir='ltr'>sibi</span> <span class='ocrx_word' id='word_1_165' title='bbox 697 2239 731 2302; x_wconf 94' lang='lat' dir='ltr'>in</span> <span class='ocrx_word' id='word_1_166' title='bbox 759 2236 894 2303; x_wconf 89' lang='lat' dir='ltr'>dicendo</span> <span class='ocrx_word' id='word_1_167' title='bbox 924 2239 1106 2322; x_wconf 88' lang='lat' dir='ltr'>obstrepere</span> <span class='ocrx_word' id='word_1_168' title='bbox 1140 2238 1323 2305; x_wconf 87' lang='lat' dir='ltr'>videantur.</span> 
     </span>
    </p>

    <p class='ocr_par' dir='ltr' id='par_1_7' title="bbox 228 2341 1379 2529">
     <span class='ocr_line' id='line_1_21' title="bbox 228 2341 1379 2427; baseline 0.002 -21"><span class='ocrx_word' id='word_1_169' title='bbox 228 2355 260 2400; x_wconf 78' lang='lat'>51</span> <span class='ocrx_word' id='word_1_170' title='bbox 282 2363 402 2424; x_wconf 88' lang='lat' dir='ltr'>verum,</span> <span class='ocrx_word' id='word_1_171' title='bbox 426 2344 452 2408; x_wconf 93' lang='lat' dir='ltr'>si</span> <span class='ocrx_word' id='word_1_172' title='bbox 475 2343 589 2427; x_wconf 89' lang='lat' dir='ltr'>placet,</span> <span class='ocrx_word' id='word_1_173' title='bbox 614 2343 765 2425; x_wconf 88' lang='lat' dir='ltr'>quoniam</span> <span class='ocrx_word' id='word_1_174' title='bbox 788 2341 868 2407; x_wconf 89' lang='lat' dir='ltr'>haec</span> <span class='ocrx_word' id='word_1_175' title='bbox 885 2342 961 2407; x_wconf 89' lang='lat' dir='ltr'>satis</span> <span class='ocrx_word' id='word_1_176' title='bbox 977 2361 1068 2426; x_wconf 92' lang='lat' dir='ltr'>spero</span> <span class='ocrx_word' id='word_1_177' title='bbox 1084 2342 1177 2408; x_wconf 90' lang='lat' dir='ltr'>vohis</span> <span class='ocrx_word' id='word_1_178' title='bbox 1192 2344 1325 2424; x_wconf 93' lang='lat' dir='ltr'>quidem</span> <span class='ocrx_word' id='word_1_179' title='bbox 1346 2355 1379 2400; x_wconf 75' lang='lat'>20</span> 
     </span>
     <span class='ocr_line' id='line_1_22' title="bbox 283 2444 1326 2529; baseline 0.001 -18"><span class='ocrx_word' id='word_1_180' title='bbox 283 2454 368 2511; x_wconf 88' lang='lat' dir='ltr'>certe</span> <span class='ocrx_word' id='word_1_181' title='bbox 390 2446 563 2510; x_wconf 91' lang='lat' dir='ltr'>maioribus</span> <span class='ocrx_word' id='word_1_182' title='bbox 585 2452 662 2510; x_wconf 88' lang='lat' dir='ltr'>natu</span> <span class='ocrx_word' id='word_1_183' title='bbox 684 2446 818 2510; x_wconf 88' lang='lat' dir='ltr'>molesta</span> <span class='ocrx_word' id='word_1_184' title='bbox 841 2451 873 2510; x_wconf 85' lang='lat' dir='ltr'>et</span> <span class='ocrx_word' id='word_1_185' title='bbox 887 2444 998 2529; x_wconf 88' lang='lat' dir='ltr'>putida</span> <span class='ocrx_word' id='word_1_186' title='bbox 1013 2444 1125 2525; x_wconf 89' lang='lat' dir='ltr'>videri,</span> <span class='ocrx_word' id='word_1_187' title='bbox 1141 2444 1184 2510; x_wconf 91' lang='lat' dir='ltr'>ad</span> <span class='ocrx_word' id='word_1_188' title='bbox 1199 2447 1326 2529; x_wconf 90' lang='lat' dir='ltr'>reliqua</span> 
     </span>
    </p>

    <p class='ocr_par' dir='ltr' id='par_1_8' title="bbox 227 2546 1376 3148">
     <span class='ocr_line' id='line_1_23' title="bbox 227 2546 1325 2632; baseline 0.008 -26"><span class='ocrx_word' id='word_1_189' title='bbox 227 2553 262 2607; x_wconf 83' lang='lat'>14</span> <span class='ocrx_word' id='word_1_190' title='bbox 282 2548 445 2630; x_wconf 90' lang='lat' dir='ltr'>aliquanto</span> <span class='ocrx_word' id='word_1_191' title='bbox 475 2546 633 2613; x_wconf 89' lang='lat' dir='ltr'>odiosiora</span> <span class='ocrx_word' id='word_1_192' title='bbox 660 2552 850 2632; x_wconf 64' lang='lat' dir='ltr'>pergamus?</span> <span class='ocrx_word' id='word_1_193' title='bbox 896 2549 993 2630; x_wconf 79' lang='lat' dir='ltr'>‘atqui</span> <span class='ocrx_word' id='word_1_194' title='bbox 1016 2548 1116 2614; x_wconf 89' lang='lat' dir='ltr'>vides’</span> <span class='ocrx_word' id='word_1_195' title='bbox 1141 2549 1244 2632; x_wconf 90' lang='lat' dir='ltr'>inquit</span> <span class='ocrx_word' id='word_1_196' title='bbox 1261 2552 1325 2614; x_wconf 86' lang='lat' dir='ltr'>An·</span> 
     </span>
     <span class='ocr_line' id='line_1_24' title="bbox 280 2650 1325 2740; baseline 0.003 -25"><span class='ocrx_word' id='word_1_197' title='bbox 280 2651 385 2718; x_wconf 90' lang='lat' dir='ltr'>tonius</span> <span class='ocrx_word' id='word_1_198' title='bbox 409 2655 514 2733; x_wconf 87' lang='lat' dir='ltr'>‘quam</span> <span class='ocrx_word' id='word_1_199' title='bbox 537 2652 617 2717; x_wconf 90' lang='lat' dir='ltr'>alias</span> <span class='ocrx_word' id='word_1_200' title='bbox 645 2671 697 2717; x_wconf 91' lang='lat' dir='ltr'>res</span> <span class='ocrx_word' id='word_1_201' title='bbox 728 2671 862 2735; x_wconf 84' lang='lat' dir='ltr'>agamus</span> <span class='ocrx_word' id='word_1_202' title='bbox 891 2672 1050 2734; x_wconf 88' lang='lat' dir='ltr'>quamque</span> <span class='ocrx_word' id='word_1_203' title='bbox 1074 2650 1126 2739; x_wconf 86' lang='lat' dir='ltr'>[te]</span> <span class='ocrx_word' id='word_1_204' title='bbox 1142 2652 1235 2717; x_wconf 89' lang='lat' dir='ltr'>inviti</span> <span class='ocrx_word' id='word_1_205' title='bbox 1260 2652 1325 2740; x_wconf 88' lang='lat' dir='ltr'>[au-</span> 
     </span>
     <span class='ocr_line' id='line_1_25' title="bbox 279 2752 1324 2841; baseline 0.003 -23"><span class='ocrx_word' id='word_1_206' title='bbox 279 2752 413 2841; x_wconf 88' lang='lat' dir='ltr'>diamus]</span> <span class='ocrx_word' id='word_1_207' title='bbox 437 2753 553 2820; x_wconf 91' lang='lat' dir='ltr'>adduci</span> <span class='ocrx_word' id='word_1_208' title='bbox 577 2755 732 2839; x_wconf 90' lang='lat' dir='ltr'>possimus</span> <span class='ocrx_word' id='word_1_209' title='bbox 756 2793 796 2802; x_wconf 95' lang='lat'>—-</span> <span class='ocrx_word' id='word_1_210' title='bbox 821 2754 860 2821; x_wconf 93' lang='lat' dir='ltr'>de</span> <span class='ocrx_word' id='word_1_211' title='bbox 883 2776 934 2820; x_wconf 94' lang='lat' dir='ltr'>me</span> <span class='ocrx_word' id='word_1_212' title='bbox 957 2755 1042 2820; x_wconf 94' lang='lat' dir='ltr'>enim</span> <span class='ocrx_word' id='word_1_213' title='bbox 1066 2755 1187 2820; x_wconf 88' lang='lat' dir='ltr'>conicio</span> <span class='ocrx_word' id='word_1_214' title='bbox 1210 2793 1254 2802; x_wconf 93' lang='lat'><strong>—</strong></span> <span class='ocrx_word' id='word_1_215' title='bbox 1277 2777 1324 2822; x_wconf 90' lang='lat' dir='ltr'>re-</span> 
     </span>
     <span class='ocr_line' id='line_1_26' title="bbox 279 2857 1376 2943; baseline -0.003 -22"><span class='ocrx_word' id='word_1_216' title='bbox 279 2858 362 2923; x_wconf 93' lang='lat' dir='ltr'>lictis</span> <span class='ocrx_word' id='word_1_217' title='bbox 385 2865 420 2922; x_wconf 89' lang='lat' dir='ltr'>ut</span> <span class='ocrx_word' id='word_1_218' title='bbox 442 2859 588 2923; x_wconf 89' lang='lat' dir='ltr'>omnihus</span> <span class='ocrx_word' id='word_1_219' title='bbox 624 2859 719 2924; x_wconf 90' lang='lat' dir='ltr'>rebus</span> <span class='ocrx_word' id='word_1_220' title='bbox 749 2865 781 2924; x_wconf 88' lang='lat' dir='ltr'>te</span> <span class='ocrx_word' id='word_1_221' title='bbox 808 2865 974 2940; x_wconf 82' lang='lat' dir='ltr'>sectemur,</span> <span class='ocrx_word' id='word_1_222' title='bbox 1005 2865 1037 2923; x_wconf 91' lang='lat' dir='ltr'>te</span> <span class='ocrx_word' id='word_1_223' title='bbox 1064 2857 1246 2943; x_wconf 82' lang='lat' dir='ltr'>audiamus3</span> <span class='ocrx_word' id='word_1_224' title='bbox 1276 2859 1324 2925; x_wconf 88' lang='lat' dir='ltr'>ita</span> <span class='ocrx_word' id='word_1_225' title='bbox 1343 2869 1376 2918; x_wconf 72' lang='lat'>25</span> 
     </span>
     <span class='ocr_line' id='line_1_27' title="bbox 280 2960 1323 3046; baseline 0.005 -22"><span class='ocrx_word' id='word_1_226' title='bbox 280 2960 319 3026; x_wconf 94' lang='lat' dir='ltr'>de</span> <span class='ocrx_word' id='word_1_227' title='bbox 343 2960 478 3026; x_wconf 90' lang='lat' dir='ltr'>horridis</span> <span class='ocrx_word' id='word_1_228' title='bbox 501 2963 596 3027; x_wconf 91' lang='lat' dir='ltr'>rebus</span> <span class='ocrx_word' id='word_1_229' title='bbox 619 2960 731 3042; x_wconf 91' lang='lat' dir='ltr'>nitida,</span> <span class='ocrx_word' id='word_1_230' title='bbox 756 2960 797 3026; x_wconf 91' lang='lat' dir='ltr'>de</span> <span class='ocrx_word' id='word_1_231' title='bbox 811 2962 927 3027; x_wconf 89' lang='lat' dir='ltr'>ieiunis</span> <span class='ocrx_word' id='word_1_232' title='bbox 942 2961 1047 3046; x_wconf 92' lang='lat' dir='ltr'>plena,</span> <span class='ocrx_word' id='word_1_233' title='bbox 1071 2961 1111 3026; x_wconf 92' lang='lat' dir='ltr'>de</span> <span class='ocrx_word' id='word_1_234' title='bbox 1126 2963 1323 3046; x_wconf 84' lang='lat' dir='ltr'>pervolgatis</span> 
     </span>
     <span class='ocr_line' id='line_1_28' title="bbox 279 3064 835 3148; baseline 0.002 -19"><span class='ocrx_word' id='word_1_235' title='bbox 279 3086 364 3131; x_wconf 90' lang='lat' dir='ltr'>nova</span> <span class='ocrx_word' id='word_1_236' title='bbox 386 3064 543 3148; x_wconf 85' lang='lat' dir='ltr'>quaedam</span> <span class='ocrx_word' id='word_1_237' title='bbox 567 3073 615 3131; x_wconf 91' lang='lat' dir='ltr'>est</span> <span class='ocrx_word' id='word_1_238' title='bbox 637 3066 737 3131; x_wconf 93' lang='lat' dir='ltr'>oratio</span> <span class='ocrx_word' id='word_1_239' title='bbox 760 3069 835 3131; x_wconf 87' lang='lat' dir='ltr'>tua‘</span> 
     </span>
    </p>

    <p class='ocr_par' dir='ltr' id='par_1_9' title="bbox 226 3161 1370 3871">
     <span class='ocr_line' id='line_1_29' title="bbox 226 3161 1323 3252; baseline 0.006 -24"><span class='ocrx_word' id='word_1_240' title='bbox 226 3179 260 3228; x_wconf 78' lang='lat' dir='ltr'>sa</span> <span class='ocrx_word' id='word_1_241' title='bbox 384 3169 518 3234; x_wconf 81' lang='lat' dir='ltr'>‘Faciles</span> <span class='ocrx_word' id='word_1_242' title='bbox 546 3169 641 3234; x_wconf 87' lang='lat' dir='ltr'>enim&#39;</span> <span class='ocrx_word' id='word_1_243' title='bbox 671 3169 775 3252; x_wconf 91' lang='lat' dir='ltr'>inquit</span> <span class='ocrx_word' id='word_1_244' title='bbox 802 3161 942 3249; x_wconf 68' lang='lat' dir='ltr'>‘Antoni</span> <span class='ocrx_word' id='word_1_245' title='bbox 972 3173 1080 3252; x_wconf 90' lang='lat' dir='ltr'>partes</span> <span class='ocrx_word' id='word_1_246' title='bbox 1110 3187 1169 3233; x_wconf 87' lang='lat' dir='ltr'>eae</span> <span class='ocrx_word' id='word_1_247' title='bbox 1191 3167 1323 3235; x_wconf 85' lang='lat' dir='ltr'>fuerunt</span> 
     </span>
     <span class='ocr_line' id='line_1_30' title="bbox 279 3271 1320 3357; baseline 0 -20"><span class='ocrx_word' id='word_1_248' title='bbox 279 3272 370 3355; x_wconf 92' lang='lat' dir='ltr'>duae,</span> <span class='ocrx_word' id='word_1_249' title='bbox 394 3292 473 3357; x_wconf 91' lang='lat' dir='ltr'>quas</span> <span class='ocrx_word' id='word_1_250' title='bbox 496 3271 591 3338; x_wconf 92' lang='lat' dir='ltr'>modo</span> <span class='ocrx_word' id='word_1_251' title='bbox 613 3272 794 3356; x_wconf 91' lang='lat' dir='ltr'>percucurri</span> <span class='ocrx_word' id='word_1_252' title='bbox 822 3272 874 3338; x_wconf 87' lang='lat' dir='ltr'>vel</span> <span class='ocrx_word' id='word_1_253' title='bbox 897 3271 1001 3356; x_wconf 91' lang='lat' dir='ltr'>potius</span> <span class='ocrx_word' id='word_1_254' title='bbox 1030 3291 1133 3355; x_wconf 90' lang='lat' dir='ltr'>paene</span> <span class='ocrx_word' id='word_1_255' title='bbox 1159 3273 1320 3355; x_wconf 90' lang='lat' dir='ltr'>praeterii,</span> 
     </span>
     <span class='ocr_line' id='line_1_31' title="bbox 278 3374 1370 3460; baseline -0.007 -19"><span class='ocrx_word' id='word_1_256' title='bbox 278 3378 390 3442; x_wconf 89' lang='lat' dir='ltr'>Latine</span> <span class='ocrx_word' id='word_1_257' title='bbox 414 3375 564 3460; x_wconf 90' lang='lat' dir='ltr'>loquendi</span> <span class='ocrx_word' id='word_1_258' title='bbox 587 3377 745 3460; x_wconf 90' lang='lat' dir='ltr'>planeque</span> <span class='ocrx_word' id='word_1_259' title='bbox 768 3374 912 3459; x_wconf 85' lang='lat' dir='ltr'>dicendi;</span> <span class='ocrx_word' id='word_1_260' title='bbox 935 3374 1077 3457; x_wconf 89' lang='lat' dir='ltr'>reliquae</span> <span class='ocrx_word' id='word_1_261' title='bbox 1093 3381 1166 3439; x_wconf 91' lang='lat' dir='ltr'>sunt</span> <span class='ocrx_word' id='word_1_262' title='bbox 1182 3395 1320 3460; x_wconf 84' lang='lat' dir='ltr'>magnae</span> <span class='ocrx_word' id='word_1_263' title='bbox 1338 3387 1370 3436; x_wconf 81' lang='lat' dir='ltr'>ao</span> 
     </span>
     <span class='ocr_line' id='line_1_32' title="bbox 278 3475 1320 3564; baseline 0.001 -21"><span class='ocrx_word' id='word_1_264' title='bbox 278 3480 459 3564; x_wconf 83' lang='lat' dir='ltr'>implicatae</span> <span class='ocrx_word' id='word_1_265' title='bbox 482 3480 590 3546; x_wconf 88' lang='lat' dir='ltr'>variae</span> <span class='ocrx_word' id='word_1_266' title='bbox 612 3498 739 3562; x_wconf 84' lang='lat' dir='ltr'>graves,</span> <span class='ocrx_word' id='word_1_267' title='bbox 755 3479 870 3561; x_wconf 89' lang='lat' dir='ltr'>quibus</span> <span class='ocrx_word' id='word_1_268' title='bbox 886 3478 989 3544; x_wconf 91' lang='lat' dir='ltr'>omnis</span> <span class='ocrx_word' id='word_1_269' title='bbox 1005 3475 1171 3543; x_wconf 90' lang='lat' dir='ltr'>admiratio</span> <span class='ocrx_word' id='word_1_270' title='bbox 1187 3479 1320 3563; x_wconf 84' lang='lat' dir='ltr'>ingenii,</span> 
     </span>
     <span class='ocr_line' id='line_1_33' title="bbox 278 3582 1321 3666; baseline 0.002 -20"><span class='ocrx_word' id='word_1_271' title='bbox 278 3584 379 3648; x_wconf 92' lang='lat' dir='ltr'>omnis</span> <span class='ocrx_word' id='word_1_272' title='bbox 402 3585 471 3650; x_wconf 89' lang='lat' dir='ltr'>laus</span> <span class='ocrx_word' id='word_1_273' title='bbox 495 3583 695 3665; x_wconf 88' lang='lat' dir='ltr'>eloquentiae</span> <span class='ocrx_word' id='word_1_274' title='bbox 718 3583 905 3647; x_wconf 90' lang='lat' dir='ltr'>continetur.</span> <span class='ocrx_word' id='word_1_275' title='bbox 951 3599 1044 3646; x_wconf 93' lang='lat' dir='ltr'>nemo</span> <span class='ocrx_word' id='word_1_276' title='bbox 1068 3582 1153 3646; x_wconf 90' lang='lat' dir='ltr'>enim</span> <span class='ocrx_word' id='word_1_277' title='bbox 1168 3603 1321 3666; x_wconf 90' lang='lat' dir='ltr'>umquam</span> 
     </span>
     <span class='ocr_line' id='line_1_34' title="bbox 278 3683 1320 3770; baseline 0.006 -23"><span class='ocrx_word' id='word_1_278' title='bbox 278 3690 326 3748; x_wconf 89' lang='lat' dir='ltr'>est</span> <span class='ocrx_word' id='word_1_279' title='bbox 348 3693 503 3751; x_wconf 91' lang='lat' dir='ltr'>oratorem</span> <span class='ocrx_word' id='word_1_280' title='bbox 536 3684 621 3767; x_wconf 92' lang='lat' dir='ltr'>quod</span> <span class='ocrx_word' id='word_1_281' title='bbox 648 3685 762 3748; x_wconf 88' lang='lat' dir='ltr'>Latine</span> <span class='ocrx_word' id='word_1_282' title='bbox 790 3685 969 3766; x_wconf 90' lang='lat' dir='ltr'>loqueretur</span> <span class='ocrx_word' id='word_1_283' title='bbox 996 3683 1187 3770; x_wconf 81' lang='lat' dir='ltr'>admiratus3</span> <span class='ocrx_word' id='word_1_284' title='bbox 1216 3687 1245 3751; x_wconf 90' lang='lat' dir='ltr'>si</span> <span class='ocrx_word' id='word_1_285' title='bbox 1273 3695 1320 3753; x_wconf 89' lang='lat' dir='ltr'>est</span> 
     </span>
     <span class='ocr_line' id='line_1_35' title="bbox 277 3785 1320 3871; baseline 0.009 -23"><span class='ocrx_word' id='word_1_286' title='bbox 277 3785 377 3869; x_wconf 89' lang='lat' dir='ltr'>aliter,</span> <span class='ocrx_word' id='word_1_287' title='bbox 406 3787 556 3868; x_wconf 88' lang='lat' dir='ltr'>inrident,</span> <span class='ocrx_word' id='word_1_288' title='bbox 587 3807 690 3869; x_wconf 89' lang='lat' dir='ltr'>neque</span> <span class='ocrx_word' id='word_1_289' title='bbox 723 3807 795 3852; x_wconf 90' lang='lat' dir='ltr'>eum</span> <span class='ocrx_word' id='word_1_290' title='bbox 823 3793 978 3852; x_wconf 89' lang='lat' dir='ltr'>oratorem</span> <span class='ocrx_word' id='word_1_291' title='bbox 1005 3788 1234 3871; x_wconf 88' lang='lat' dir='ltr'>tantummodo,</span> <span class='ocrx_word' id='word_1_292' title='bbox 1263 3791 1320 3857; x_wconf 89' lang='lat' dir='ltr'>sed</span> 
     </span>
    </p>
   </div>
   <div class='ocr_carea' id='block_1_5' title="bbox 0 0 1422 4114">
    <p class='ocr_par' dir='ltr' id='par_1_10' title="bbox 0 0 1422 4114">
     <span class='ocr_line' id='line_1_36' title="bbox 0 0 1422 4114; baseline 0 2"><span class='ocrx_word' id='word_1_293' title='bbox 0 0 1422 4114; x_wconf 95' lang='lat' dir='ltr'> </span> 
     </span>
    </p>
   </div>
  </div>
 </body>
</html>
