2836 4114
329 240 445 296 urnae
462 241 513 296 111.
536 242 619 298 cnr.
633 247 744 302 47-48.
774 247 953 309 sisa-mo.
1094 231 1159 295 219

122 413 178 480 sed
201 415 324 482 aurium
346 435 506 498 mensura,
529 417 614 500 quod
638 425 685 484 est
701 419 806 485 acrius
820 419 971 488 iudicium
987 428 1018 488 et
1034 422 1158 504 certius,

122 539 178 602 par
200 519 267 585 fere
290 520 416 601 cretico,
440 521 493 603 qui
515 527 564 587 est
586 543 628 588 ex
651 523 749 607 longa
771 530 803 590 et
825 524 915 591 brevi
938 532 969 592 et
987 526 1099 612 longa3
1123 533 1157 593 ut

163 624 237 708 quid
261 631 370 709 petam
393 624 542 708 praesidi,
566 631 621 691 aut
645 627 809 710 exequar?
833 634 936 711 quove
959 651 1062 696 nuno.
1078 683 1105 697 ..

119 748 221 812 aquo
244 749 377 795 numero
400 733 530 796 eriorsus
552 737 600 796 est
615 731 772 796 Fannius:
810 724 865 814 ‘Si
883 732 1029 816 Quirites,
1053 735 1155 801 minas

88 829 224 899 billius.²
268 832 355 898 huno
388 833 441 899 ille
476 834 623 900 clausulis
657 835 812 919 aptiorem
845 842 945 921 putat,
981 857 1060 920 quas
1090 839 1155 904 volt

120 935 215 1022 longa
236 937 423 1022 plerumque
445 938 570 1021 syllaba
591 939 761 1004 terminari.

222 1043 336 1125 Neque
359 1061 434 1107 vero
456 1042 536 1108 haec
557 1049 624 1108 tam
646 1063 754 1108 aerem
770 1063 877 1110 curam
898 1044 1158 1130 diligentiamque

120 1145 312 1229 desiderant,
336 1166 431 1230 quam
454 1153 501 1213 est
523 1147 578 1212 illa
600 1153 783 1232 poetarum:
814 1169 893 1231 quos
916 1151 1088 1216 necessitas
1111 1171 1159 1216 co·

120 1252 166 1334 git
188 1257 220 1316 et
242 1250 305 1336 ipsi
328 1250 449 1316 numeri
478 1271 517 1316 ac
545 1251 631 1317 modi
663 1252 708 1317 sio
738 1253 838 1318 verba
866 1273 961 1319 versu
987 1254 1159 1338 includere,

75 1361 155 1420 tout
177 1354 257 1420 nihil
279 1355 321 1422 sit
343 1373 385 1419 ne
407 1355 518 1439 spiritu
542 1355 673 1439 quidem
703 1355 834 1421 minimo
857 1357 984 1425 brevius
1014 1365 1070 1425 aut
1097 1360 1160 1425 lon-

122 1461 192 1544 gius
215 1479 313 1543 quam
335 1478 464 1525 neeesse
487 1466 544 1525 est.
590 1459 721 1525 liberior
743 1465 792 1526 est
813 1461 913 1527 oratio
937 1468 969 1527 et
990 1463 1095 1548 plane,
1126 1470 1161 1528 ut

123 1563 246 1645 dicitur,
282 1563 328 1628 sic
357 1569 405 1628 est
436 1583 510 1629 vere
540 1564 651 1644 soluta,
683 1583 748 1628 non
778 1570 812 1630 ut
844 1564 946 1649 fugiat
974 1571 1082 1631 tamen
1104 1573 1160 1633 aut

123 1675 212 1750 erret,
236 1666 295 1733 sed
318 1672 353 1731 ut
375 1667 443 1733 sine
465 1668 600 1734 vinculis
623 1667 684 1733 sibi
707 1668 779 1752 ipsa
797 1667 985 1735 moderetur.
1023 1690 1160 1753 namque

123 1793 181 1856 ego
215 1770 295 1836 illud
324 1771 485 1837 adsentior
516 1771 749 1856 Theophrasto,
778 1771 833 1854 qui
855 1778 946 1857 putat
975 1774 1158 1856 orationem,

76 1887 104 1938 15
123 1895 203 1957 quae
227 1873 356 1959 quidem
378 1875 418 1940 sit
440 1876 539 1961 polita
561 1881 658 1958 atque
686 1875 773 1941 facta
795 1875 931 1959 quodam
961 1877 1064 1956 modo,
1095 1897 1160 1944 non

123 1979 260 2060 astricte,
285 1977 342 2044 sed
361 1979 522 2046 remissius
537 2000 738 2046 numerosam
755 1999 824 2046 esse
839 1986 992 2065 oportere.
1032 1982 1158 2064 etenim,
1181 1995 1229 2045 rso

1184 1021 1221 1076 48

1178 1097 1229 1145 184

123 2083 203 2150 sicut
225 2082 280 2147 ille
303 2083 487 2167 suspicatur,
512 2082 565 2172 [etl
591 2084 726 2150 existis
750 2084 852 2150 modis
882 2084 997 2169 quibus
1027 2086 1078 2150 hio
1100 2086 1161 2151 usi-

122 2193 207 2255 tatus
229 2206 342 2252 versus
365 2187 499 2254 efficitur
521 2196 594 2275 post
618 2195 820 2273 anapaestus,
852 2190 1009 2275 procerior
1031 2188 1159 2273 quidam

122 2311 281 2372 numerus,
316 2290 462 2374 effloruit,
492 2293 568 2358 inde
597 2293 650 2358 ille
680 2292 825 2359 licentior
858 2299 889 2359 et
919 2292 1046 2359 divitior
1068 2292 1160 2359 fluxit

75 2409 106 2460 ao
125 2395 355 2481 dithyrambus,
379 2397 468 2462 cuius
490 2398 632 2463 membra
654 2403 686 2462 et
709 2395 817 2482 pedes,
841 2403 876 2462 ut
897 2397 943 2462 ait
964 2398 1058 2478 idem,
1088 2404 1160 2463 sunt

124 2499 155 2564 in
177 2499 264 2565 omni
286 2499 434 2584 locupleti
457 2503 597 2567 oratione
621 2500 746 2566 diffusa.
785 2508 826 2584 et,
851 2501 878 2566 si
894 2521 1095 2568 numerosum
1112 2507 1160 2567 est

123 2602 155 2668 in
178 2604 325 2671 omnibus
348 2603 433 2670 sonis
463 2613 559 2690 atque
589 2606 730 2688 vocibus,
762 2606 847 2688 quod
875 2605 974 2672 habet
1005 2606 1160 2690 quasdam

123 2706 346 2793 impressiones
369 2714 400 2773 et
422 2710 506 2791 quod
529 2710 631 2775 metiri
654 2730 822 2795 possumus
849 2712 1024 2779 intervallis
1046 2730 1159 2794 aequa-

124 2811 214 2894 libus,
238 2818 323 2877 recte
345 2833 447 2896 genus
468 2813 530 2879 hoc
552 2833 763 2894 numerorum,
788 2814 862 2880 dum
893 2816 987 2883 modo
1017 2835 1057 2881 ne
1089 2834 1159 2880 con·

76 2930 107 2979 25
125 2917 204 2982 tinui
231 2917 304 2998 sint,
327 2916 361 2980 in
384 2917 534 2984 orationis
556 2917 651 2984 laude
674 2924 818 3003 ponetur.
865 2939 939 2986 nam
970 2921 996 2986 si
1019 2917 1105 2984 rudis
1129 2923 1159 2983 et

122 3022 263 3107 impohta
285 3020 426 3106 putanda
448 3029 496 3088 est
522 3023 577 3088 illa
600 3023 670 3088 sine
692 3022 867 3088 intervallis
890 3023 1063 3108 loquacitas
1092 3040 1159 3105 per-

125 3126 214 3192 ennis
242 3131 273 3191 et
304 3125 473 3211 profluens,
497 3126 573 3210 quid
597 3146 712 3192 causae
731 3132 781 3191 est
806 3126 892 3193 aliud
909 3148 964 3194 eur
978 3123 1160 3210 repudietur

121 3231 182 3297 nisi
217 3229 302 3314 quod
334 3229 497 3297 hominum
530 3231 659 3297 auribus
692 3250 803 3296 vocem
836 3236 950 3297 natura
982 3226 1160 3293 modulatur

122 3333 217 3418 ipsa?
240 3333 325 3417 quod
347 3334 425 3417 fieri,
449 3334 512 3401 nisi
533 3336 617 3401 inest
639 3355 789 3400 numerus
811 3335 845 3398 in
860 3354 949 3416 voce,
966 3353 1029 3399 non
1045 3337 1157 3416 potest.

77 3447 106 3498 30
124 3429 272 3504 numerus
294 3444 400 3504 autem
420 3439 455 3504 in
478 3439 714 3506 continuatione
737 3440 841 3504 nullus
864 3445 928 3504 est:
952 3436 1112 3502 distinctio
1128 3443 1160 3502 et
1179 3450 1227 3499 186

123 3542 303 3626 aequalium
332 3549 388 3607 aut
416 3563 514 3629 saepe
543 3544 704 3609 variorum
734 3542 969 3608 intervallorum
998 3542 1159 3626 percussio

122 3667 286 3712 numerum
309 3646 451 3731 conficit3
476 3667 569 3730 quem
591 3647 626 3712 in
641 3646 828 3714 cadentibus
842 3646 951 3729 guttis,
967 3645 1052 3729 quod
1066 3646 1159 3712 inter·

124 3751 214 3817 vallis
237 3750 482 3834 distinguuntur,
505 3757 615 3817 notare
639 3770 815 3836 possumus,
838 3749 872 3815 in
895 3750 981 3816 amni
1009 3751 1160 3836 praecipi-

123 3860 210 3920 tante
232 3874 296 3918 non
318 3873 494 3936 possumus.
540 3853 653 3937 quodsi
676 3854 869 3921 continuatio
890 3857 1057 3924 verborum
1080 3855 1097 3920 l
