2836 4114
286 233 349 300 208
534 251 647 306 nrnnn
659 251 712 306 111.
736 250 819 306 uAP.
834 254 875 308 36.
900 253 1074 315 1114-111.

285 432 319 490 ut
342 445 398 490 eae
420 426 528 511 partes
558 425 685 492 fuerunt
714 432 798 507 tuae,
823 423 863 490 de
892 424 1090 491 inlustranda
1120 426 1264 492 oratione
1290 434 1330 490 ut

285 529 417 612 diceres,
449 537 481 595 et
510 550 580 596 eras
606 531 675 615 ipse
706 530 770 594 iam
799 531 961 613 ingressus
989 536 1085 612 atque
1116 531 1149 595 in
1177 537 1328 613 quattuor

284 634 384 718 partis
415 654 541 699 omnem
576 634 727 714 orationis
760 633 888 700 laudem
921 633 1143 719 discripseras:
1178 655 1251 700 cum
1284 634 1329 700 de

284 737 409 804 duabus
431 738 541 823 primis
564 738 656 804 nobis
679 737 807 820 quidem
833 738 921 820 satis,
945 737 1012 820 sed,
1035 744 1071 802 ut
1091 738 1161 823 ipse
1183 737 1326 821 dicebas,

285 842 428 907 celeriter
450 843 628 927 exigueque
658 841 808 923 dixisses,
829 842 919 911 ,duas
941 841 1000 908 tibi
1029 842 1167 924 reliquas
1189 841 1363 924 feceras,5

285 966 378 1029 quem
400 945 442 1010 ad
464 945 593 1011 modum
614 946 752 1030 primum
774 952 896 1028 ornate,
920 944 1036 1010 deinde
1059 947 1154 1010 etiam
1181 953 1257 1030 apte
1280 947 1325 1011 di·

217 1059 266 1108 145
284 1069 435 1116 ceremus.
482 1070 543 1133 quo
577 1071 648 1115 cum
681 1051 847 1133 ingressus
883 1069 979 1132 esses,
1012 1056 1143 1134 repente
1171 1056 1205 1115 te
1231 1051 1325 1133 quasi

284 1153 414 1236 quidam
436 1159 542 1219 aestus
564 1153 686 1238 ingenii
711 1153 757 1219 tui
781 1154 890 1239 procul
911 1174 933 1218 a
954 1160 1038 1219 terra
1059 1153 1198 1238 abripuit
1224 1161 1323 1238 atque

282 1257 318 1321 in
339 1258 437 1322 altum
459 1277 479 1322 a
502 1264 672 1342 conspectu
693 1277 797 1343 paene
814 1257 978 1323 hominum
993 1257 1157 1323 abstraxit.
1196 1278 1324 1323 omnem

284 1361 369 1426 enim
390 1381 495 1426 rerum
525 1361 691 1427 scientiam
722 1362 907 1446 complexus
936 1383 1001 1428 non
1031 1367 1066 1426 tu
1095 1360 1224 1444 quidem
1252 1382 1326 1427 eam
1347 1375 1382 1424 10

284 1464 375 1530 nobis
397 1463 572 1550 tradidisti3
596 1466 810 1556 nequeenim
833 1464 893 1530 fuit
922 1471 988 1530 tam
1011 1467 1120 1550 exigui
1149 1467 1324 1550 temporis:

284 1569 341 1636 sed
362 1569 448 1655 apud
470 1570 528 1636 hos
550 1568 627 1653 quid
642 1569 814 1654 profeceris
831 1570 948 1652 neseio,
972 1590 1023 1636 me
1043 1570 1171 1653 quidem
1193 1571 1228 1634 in
1242 1571 1324 1636 Aca-

283 1674 420 1740 demiam
446 1680 546 1740 totum
567 1674 755 1760 compulisti.
802 1674 837 1738 in
859 1693 923 1756 qua
944 1675 1040 1739 velim
1063 1675 1104 1740 sit
1126 1673 1213 1756 illud,
1237 1675 1325 1757 qnod

284 1799 380 1865 saepe
408 1779 551 1864 posuisti,
582 1785 617 1843 ut
645 1798 709 1843 non
739 1797 874 1843 necesse
904 1778 955 1842 sit
975 1797 1159 1844 consumere
1183 1785 1326 1844 aetatem

283 1890 379 1966 atque
401 1890 436 1948 ut
457 1883 557 1968 possit
586 1882 613 1948 is
635 1882 689 1946 illa
711 1881 817 1946 omnia
850 1901 989 1963 cernere,
1020 1882 1075 1965 qui
1102 1882 1381 1951 tantummodum
1412 1917 1413 1928 ,

282 1989 461 2073 aspexerit;
485 1987 543 2053 sed
565 1985 690 2052 etiamsi
714 1992 762 2051 est
785 1986 958 2068 aliquando
980 1986 1113 2070 spissius
1133 1992 1190 2051 aut
1212 1987 1240 2052 si
1263 2007 1326 2072 ego

282 2113 351 2158 sum
373 2091 500 2174 tardior,
523 2091 665 2177 profecto
687 2111 863 2173 numquam
887 2091 1111 2173 conquiescam
1140 2111 1245 2174 neque
1274 2091 1327 2158 de·

282 2197 440 2281 fetigabor
461 2202 536 2263 ante
566 2216 661 2280 quam
690 2195 814 2262 illorum
847 2195 995 2279 ancipitis
1024 2194 1094 2260 uias
1120 2195 1325 2280 rationesque

283 2308 315 2367 ct
337 2323 393 2386 pro
417 2301 562 2367 omnibus
593 2306 624 2365 et
647 2305 757 2366 contra
787 2299 895 2364 omnia
917 2297 1101 2383 disputandi
1130 2314 1326 2384 percepero’

215 2416 264 2464 146
386 2399 467 2470 Tum'
498 2406 616 2473 Caesar
637 2405 754 2470 ‘unum’
788 2403 891 2486 inquit
923 2408 984 2469 ‘me
1019 2423 1060 2468 ex
1090 2409 1145 2469 tuo
1175 2424 1323 2472 sermone
1343 2417 1377 2464 20

283 2510 431 2590 maxime,
455 2510 579 2590 Crasse,
603 2507 782 2588 commovit,
814 2507 996 2589 quodcum
1018 2507 1154 2591 negasti,
1181 2508 1325 2590 quinon

283 2613 345 2679 cito
368 2611 444 2695 quid
467 2611 638 2693 didicisset,
667 2599 818 2694 umquam
853 2611 980 2676 omnino
1003 2630 1103 2695 posse,
1122 2610 1323 2700 perdiscere3

282 2724 318 2782 ut
339 2717 417 2781 mihi
439 2736 503 2782 non
526 2717 567 2782 sit
588 2715 719 2782 difficile
750 2715 921 2800 periclitari
951 2721 984 2780 et
1004 2721 1060 2780 aut
1089 2715 1197 2780 statim
1223 2719 1325 2800 perci·

282 2841 359 2906 pere
394 2820 465 2902 ista,
496 2841 578 2903 quae
607 2826 641 2885 tu
671 2821 778 2886 verbis
808 2819 850 2884 ad
881 2820 1003 2885 caelum
1032 2819 1184 2901 exturlisti,
1207 2828 1273 2903 aut,
1298 2823 1326 2887 si

282 2947 346 2993 non
367 2926 533 3012 potuerim,
554 2932 679 3011 tempus
702 2946 767 2990 non
789 2925 933 3010 perdere,
958 2945 1029 2990 oum
1051 2930 1158 2990 tamen
1181 2923 1231 2990 his
1254 2935 1376 2992 116615

216 3033 338 3099 rustris
367 3031 485 3116 possim
516 3050 585 3096 esse
621 3025 813 3096 contentus.²
861 3028 914 3093 hic
943 3027 1101 3113 Sulpicius
1138 3033 1208 3113 ‘ego
1237 3035 1324 3096 vero'

282 3137 385 3220 inquit
407 3137 540 3216 ‘Crasse
557 3156 661 3219 neque
675 3134 880 3200 Aristotelem
894 3134 991 3199 istum
1005 3153 1110 3215 neque
1125 3133 1325 3200 Carneadem

283 3263 342 3307 nec
374 3239 634 3327 philosophorum
668 3259 860 3322 quemquam
896 3237 1051 3318 desidero,
1083 3237 1135 3302 vel
1166 3257 1219 3302 me
1249 3238 1325 3304 lieet

283 3346 446 3411 existimes
475 3343 644 3430 desperare
672 3344 734 3408 ista
766 3362 860 3427 posse
883 3341 1062 3427 perdiscere
1083 3341 1145 3423 uel,
1175 3340 1210 3405 id
1240 3342 1324 3424 quod

283 3448 374 3529 facio,
398 3455 609 3514 contemnere.
649 3447 727 3511 mihi
750 3467 855 3512 rerum
870 3445 1043 3513 forensium
1064 3452 1096 3510 61
1111 3446 1324 3511 communium
1341 3453 1373 3502 30

283 3550 421 3633 volgaris
449 3552 531 3616 haee
561 3550 699 3635 cognitio
731 3551 808 3616 satis
842 3570 960 3633 magna
991 3555 1039 3615 est
1067 3547 1109 3614 ad
1133 3568 1205 3614 eam
1227 3570 1321 3632 quam

284 3659 391 3735 specto
414 3654 641 3737 eloquentiam3
666 3673 708 3717 ex
734 3672 799 3734 qua
820 3653 891 3736 ipsa
905 3659 1014 3717 tamen
1029 3652 1185 3735 permulta
1199 3653 1322 3738 nesci03

284 3773 365 3835 quae
388 3761 455 3820 tum
481 3756 628 3838 denique,
652 3775 723 3820 oum
747 3775 844 3821 causa
866 3756 973 3838 aliqua
989 3775 1071 3837 quae
1085 3775 1106 3819 a
1120 3775 1172 3820 me
1187 3754 1324 3821 dicenda

286 3863 333 3920 cst
355 3855 525 3938 desiderat,
548 3878 676 3940 quaero.
722 3878 817 3940 quam
841 3859 881 3924 ob
904 3878 981 3941 rem,
1004 3858 1066 3924 nisi
1094 3857 1175 3923 forte
1198 3878 1233 3924 es
1259 3861 1323 3925 iam
