2866 4110
412 176 579 236 urnunu.
615 176 735 232 cns-n
771 181 881 240 ss-c.
1119 158 1157 220 71

117 351 263 434 seipsae
294 371 354 436 per
385 371 420 416 se
450 357 577 417 tuentur
611 351 770 435 siugulac;
802 354 884 416 bene
915 350 1020 416 dicere
1042 355 1158 427 autem,

118 454 201 536 quod
224 461 274 520 est
297 456 437 520 scienter
459 462 490 520 et
513 456 612 539 perite
635 464 667 520 et
696 461 807 520 ornate
830 455 945 535 dicere,
973 473 1037 518 nou
1060 452 1159 518 habet

118 557 282 624 definitam
304 559 446 642 aliquam
468 560 641 644 regionem,
658 560 747 624 cuius
765 559 908 624 terminis
929 564 1039 642 saepta
1054 563 1158 621 tenea·

118 668 174 726 tur.
233 663 342 727 omnia
376 681 594 745 quaecumque
628 662 662 727 in
699 662 861 727 hominum
896 659 1158 745 disceptationem

88 764 230 830 suadere
254 772 389 850 possunt
418 767 501 831 bene
533 773 605 831 sunt
628 767 658 832 ei
681 766 818 832 dicenda
848 765 902 847 qui
925 765 985 830 hoc
1007 783 1041 829 se
1064 783 1157 847 posse

117 869 290 952 profitetur,
313 876 370 935 aut
392 870 593 952 eloquentiae
609 891 724 936 nomen
743 869 985 952 relinquendum
998 876 1054 933 est.
1094 887 1157 948 qua
1176 896 1191 943 ss

117 993 148 1037 re
171 973 321 1055 equidem
355 980 388 1038 et
421 973 455 1037 in
489 979 598 1038 nostra
631 973 762 1038 civitate
795 980 827 1038 et
856 973 887 1036 in
912 973 982 1057 ipsa
1012 971 1156 1052 Graecia,

117 1095 195 1157 quae
219 1097 347 1161 semper
368 1076 449 1142 haec
471 1097 594 1143 summa
616 1078 718 1158 duxit,
742 1078 857 1142 multos
880 1083 913 1142 et
934 1077 1071 1160 ingeniis
1090 1079 1156 1138 ext-

117 1182 187 1244 mr'c's
210 1187 242 1246 et
266 1201 386 1265 magna
407 1181 502 1246 laude
524 1180 652 1247 dicendi
669 1182 738 1246 sine
754 1201 877 1248 summa
895 1200 1001 1246 rerum
1016 1180 1156 1244 omnium

75 1307 101 1353 ro
117 1285 249 1350 scientia
271 1283 372 1350 fuisse
395 1284 509 1370 fateor3
541 1284 638 1350 talem
669 1306 744 1351 vero
775 1285 913 1350 existere
944 1284 1155 1366 eloquentiam
1248 1313 1250 1317 ·

117 1389 216 1469 qualis
239 1389 337 1453 fuerit
366 1389 400 1452 in
431 1389 545 1454 Crasso
575 1395 607 1454 et
634 1389 783 1470 Antonio,
807 1409 871 1454 non
899 1387 1034 1474 cognitis
1061 1387 1156 1453 rebus

117 1493 261 1558 omnibus
293 1511 376 1575 quae
409 1491 452 1557 ad
478 1499 600 1557 tantam
630 1493 831 1578 prudentiam
861 1493 1056 1577 pertinerent
1089 1497 1155 1555 tan-

117 1601 242 1678 tamque
265 1594 395 1661 dicendi
418 1596 542 1680 copiam
565 1603 685 1678 quanta
707 1597 741 1660 in
764 1596 826 1660 illis
848 1595 918 1678 fuit,
934 1617 998 1661 non
1013 1595 1154 1682 potuisse

117 1699 274 1765 confirmo.
321 1719 383 1781 quo
414 1700 511 1764 etiam
540 1700 602 1764 feci
632 1700 782 1766 libentius
813 1706 846 1765 ut
873 1721 946 1765 eum
976 1719 1187 1780 sermonem7

75 1823 100 1870 15
116 1821 206 1882 quem
236 1803 283 1867 illi
314 1801 475 1885 quondam
504 1803 587 1868 inter
622 1823 655 1869 se
686 1804 726 1869 dc
760 1803 810 1868 his
839 1805 935 1869 rebus
968 1803 1155 1867 habuissent

116 1905 299 1970 mandarem
321 1905 452 1971 litteris:
475 1907 527 1970 vel
550 1914 585 1970 ut
606 1907 661 1972 illa
676 1907 783 1991 opinio
799 1927 881 1989 quae
901 1925 1026 1988 semper
1041 1904 1153 1970 fuisset

116 2009 282 2090 tolleretur,
299 2009 434 2074 alterum
453 2031 518 2076 non
541 2010 767 2092 doctissimum,
784 2011 917 2076 alterum
933 2010 1028 2094 plane
1048 2007 1153 2074 indoc-

116 2118 178 2177 tum
200 2113 316 2198 fuisse,
340 2113 393 2178 vel
415 2120 449 2178 ut
472 2135 511 2180 ca
534 2135 615 2197 quae
638 2116 853 2180 existimarem
883 2136 903 2179 a
930 2113 1060 2180 summis
1086 2133 1152 2177 ora-

115 2217 231 2283 toribus
263 2217 304 2282 de
338 2218 520 2300 eloquentia
553 2218 705 2284 divinitus
739 2238 809 2284 esse
843 2219 929 2284 dicta
962 2215 1151 2282 custodirem

72 2341 99 2386 ro
115 2319 232 2402 litteris,
264 2320 292 2386 si
322 2321 385 2386 ullo
414 2321 508 2386 modo
538 2321 671 2404 adsequi
702 2321 930 2406 complectique
963 2321 1151 2406 potuissem;

115 2423 164 2488 vel
185 2423 368 2490 mehercule
391 2425 487 2490 etiam
510 2432 545 2490 ut
575 2425 703 2491 laudem
726 2446 832 2491 eorum
855 2427 920 2491 iam
943 2447 1041 2512 prope
1065 2447 1151 2492 sene-

114 2534 262 2610 scentem,
287 2535 439 2611 quantum
473 2550 531 2614 ego
554 2550 691 2615 possem,
725 2532 766 2596 ab
795 2530 954 2596 oblivione
988 2531 1151 2596 hominum

114 2637 204 2712 atque
227 2652 248 2696 a
271 2632 398 2698 silentio
422 2632 628 2700 vindicarem.
673 2655 750 2699 nam
773 2634 800 2699 si
823 2655 865 2699 ex
889 2635 1014 2720 scriptis
1038 2655 1184 2720 cogno-3

115 2735 156 2798 soi
178 2735 239 2819 ipsi
270 2737 336 2801 suis
360 2737 546 2820 potuissent,
580 2738 686 2804 minus
718 2737 780 2802 hoc
812 2738 947 2804 fortasse
977 2739 1055 2804 mihi
1079 2758 1148 2803 esse

71 2856 98 2904 au
114 2845 272 2919 putassem
287 2840 511 2926 laborandum,
536 2843 592 2908 sed
616 2862 687 2907 cum
710 2843 790 2908 alter
812 2862 875 2908 non
899 2845 1041 2924 multum,
1065 2842 1149 2925 quod

115 2942 237 3022 quidem
261 2950 395 3026 extaret,
420 2951 451 3009 et
473 2945 507 3010 id
529 2947 634 3031 ipsum
656 2946 854 3029 adulescens,
885 2948 965 3014 alter
991 2948 1070 3014 nihil
1096 2948 1149 3012 ad-

115 3045 235 3112 modum
259 3049 369 3132 scripti
392 3049 580 3131 reliquisset,
604 3049 713 3116 deberi
736 3051 797 3118 hoc
819 3074 839 3117 a
862 3073 913 3118 me
940 3055 1036 3118 tantis
1051 3053 1149 3121 homi-

116 3167 185 3214 num
206 3152 346 3236 ingeniis
368 3154 489 3237 putavi,
512 3162 556 3237 ut,
581 3175 653 3220 cum
677 3157 772 3221 etiam
795 3179 880 3224 nunc
901 3158 1009 3223 vivam
1025 3159 1148 3225 illorum

115 3257 293 3321 memoriam
325 3263 516 3339 teneremus,
550 3259 635 3324 hanc
668 3261 878 3328 immortalem
911 3263 1086 3344 redderem,
1121 3265 1148 3330 si

73 3370 100 3420 30
116 3375 244 3438 possem.
292 3361 376 3443 quod
399 3362 458 3428 hoc
482 3365 579 3430 etiam
602 3385 658 3448 spe
681 3365 852 3451 adgredior
873 3368 992 3433 maiore
1015 3368 1057 3432 ad
1080 3389 1147 3451 pro·
1166 3401 1181 3447 9

115 3458 260 3544 bandum,
290 3465 364 3546 quia
387 3487 450 3532 non
474 3467 514 3534 de
542 3469 608 3534 Ser.
626 3469 747 3536 Galbae
770 3477 829 3561 aut
852 3472 886 3537 O.
905 3472 1059 3537 Carbonis
1087 3472 1147 3537 elo-

115 3568 237 3644 quentia
260 3569 363 3636 scribo
386 3572 516 3655 aliquid,
532 3574 566 3638 in
586 3594 648 3656 quo
670 3575 764 3640 liceat
786 3575 864 3640 mihi
880 3575 1010 3660 fingere,
1027 3577 1054 3642 si
1070 3577 1147 3659 quid

113 3670 213 3752 velim,
237 3671 354 3738 nullius
376 3677 529 3742 memoria
551 3677 616 3741 iam
638 3699 690 3743 me
712 3679 889 3760 refellente3
913 3678 971 3744 scd
991 3679 1051 3744 edo
1066 3681 1147 3745 haec

111 3768 147 3836 iis
169 3776 391 3857 cognoscenda
422 3780 476 3861 qui
506 3799 560 3845 eos
587 3781 673 3863 ipsos
703 3780 743 3844 de
774 3780 888 3861 quibus
916 3780 1027 3860 loquor
1049 3801 1146 3864 saepe
