2866 4110
278 161 320 226 70
534 177 647 231 LIBER
664 175 701 230 11.
738 174 820 230 oAP.
836 178 911 231 1—2.
946 177 1055 239 sa-s.

277 352 467 432 solebamus,
492 349 577 433 quod
599 349 641 415 de
663 350 778 415 Crasso
800 353 891 433 pater
906 354 938 415 et
952 348 1080 430 Aculeo,
1098 368 1234 431 quocum
1250 355 1320 412 erat

277 462 385 521 nostra
406 461 585 535 matertera,
610 473 705 536 quem
728 454 861 519 Crassus
884 452 997 517 dilexit
1020 472 1061 517 ex
1084 452 1233 517 omnibus
1252 451 1320 536 plu·

277 559 401 641 rimum,
424 565 457 623 et
478 564 619 643 patruus,
643 557 698 639 qui
721 577 793 622 cum
814 556 953 622 Antonio
975 556 1008 620 in
1032 555 1176 621 Ciliciam
1198 555 1321 641 profec

278 669 329 728 tus
352 682 416 727 una
438 662 628 742 decesserat,
652 663 752 727 multa
774 661 866 727 nobis
889 660 930 725 de
953 660 1021 725 eius
1044 659 1148 725 studio
1164 659 1322 725 doctrina·
1421 683 1422 696 ¹

278 787 339 849 que
362 785 459 850 saepe
482 765 631 830 narravit.
663 785 799 847 cumque
813 785 872 830 nos
888 783 960 829 cum
980 763 1176 829 consobrinis
1192 762 1354 844 nostrisa

277 869 449 934 Aculeonis
470 868 554 949 filiis,
578 875 610 933 et
632 887 670 933 ea
693 868 887 933 disceremus
909 889 991 950 quae
1014 868 1127 933 Crasso
1155 867 1321 950 placerent

278 979 310 1037 ct
332 974 373 1038 ab
396 973 435 1038 iis
451 972 632 1042 doctoribus
648 972 763 1054 quibus
778 971 830 1036 illc
846 977 986 1036 uteretur
1001 970 1206 1052 erudiremur,
1223 971 1321 1035 ctiam

278 1075 356 1141 illud
379 1096 474 1160 saepe
497 1075 722 1156 intelleximus,
747 1094 818 1140 cum
842 1094 984 1140 essemus
1011 1074 1079 1140 eius
1106 1073 1203 1155 domi,
1235 1073 1322 1156 quod

278 1179 330 1246 vel
353 1180 442 1264 pueri
465 1180 583 1245 sentire
605 1186 796 1263 poteramus,
820 1179 908 1244 illum
937 1185 969 1245 ct
995 1179 1117 1244 Graece
1147 1178 1194 1244 sic
1221 1179 1320 1262 loqui,

277 1285 397 1348 nullam
420 1291 455 1348 ut
477 1303 571 1349 nosse
594 1283 689 1347 aliam
711 1283 853 1366 linguam
881 1283 1050 1364 videretur,
1078 1288 1110 1348 ct
1137 1281 1322 1348 doctoribus
1341 1304 1371 1350 10

276 1387 392 1452 nostris
423 1407 461 1452 ea
497 1407 615 1470 ponere
645 1387 679 1450 in
712 1386 930 1469 percontando
959 1406 1061 1469 caque
1093 1386 1198 1470 ipsum
1234 1387 1321 1450 omni

277 1490 310 1554 in
334 1509 478 1555 sermone
501 1495 647 1570 tractare,
663 1495 698 1554 ut
721 1489 801 1554 nihil
824 1509 894 1554 esse
917 1491 946 1555 ei
969 1510 1096 1570 novum,
1124 1488 1205 1553 nihil
1233 1490 1322 1555 inau-

243 1614 258 1659 3
278 1592 378 1657 ditum
401 1591 569 1657 videretur.
616 1591 657 1658 dc
679 1593 819 1658 Antonio
842 1614 918 1659 vero
941 1613 1134 1676 quamquam
1157 1613 1256 1678 saepe
1279 1613 1321 1658 ex

277 1696 506 1762 humanissimo
541 1697 669 1762 homine
702 1704 815 1781 patruo
845 1703 952 1762 nostro
975 1717 1201 1781 acceperamus
1224 1719 1321 1780 quem

253 1856 255 1860 .
278 1800 320 1864 ad
342 1800 471 1866 modum
494 1800 621 1865 illevel
643 1799 779 1865 Athenis
802 1800 853 1865 vel
876 1799 981 1864 Rhodi
1009 1821 1043 1866 se
1066 1798 1321 1865 doctissimorum
1341 1820 1372 1869 rs

277 1905 441 1970 hominum
464 1904 662 1970 sermonibus
677 1902 826 1986 dedisset,
844 1910 950 1969 tamen
966 1905 1035 1988 ipse
1050 1904 1320 1987 adulescentulus,

278 2015 431 2092 quantum
462 2008 545 2073 illius
575 2008 714 2073 ineuntis
744 2007 859 2073 aetatis
889 2027 980 2072 meac
1002 2007 1184 2092 patiebatur
1206 2008 1320 2092 pudor,

277 2112 377 2177 multa
400 2131 441 2176 ex
465 2132 502 2177 eo
525 2131 622 2196 saepe
638 2111 791 2194 quaesivi.
834 2110 973 2176 nouerit
992 2110 1218 2195 profectotihi,
1236 2112 1321 2194 quod
1424 2121 1425 2158 l

278 2216 391 2295 scribo,
407 2214 467 2279 hoc
486 2235 618 2300 novum,
641 2236 717 2280 nam
739 2216 804 2280 iam
826 2221 893 2280 tum
920 2235 962 2280 ex
986 2235 1036 2280 me
1058 2213 1214 2280 audiebas
1242 2216 1321 2281 mihi

195 2395 200 2406 ι
276 2317 366 2381 illum
390 2337 431 2382 ex
453 2318 560 2382 multis
590 2318 751 2400 variisque
779 2319 978 2384 sermonibus
1004 2318 1121 2383 nullius
1148 2318 1204 2400 rei,
1238 2339 1321 2402 quac
1339 2341 1373 2387 ao

278 2419 406 2503 quidem
429 2427 514 2486 esset
536 2421 569 2484 in
592 2421 642 2486 his
657 2420 778 2486 artibus
801 2420 841 2486 de
868 2422 982 2503 quibus
997 2420 1118 2504 aliquid
1134 2421 1320 2488 existimare

242 2543 413 2607 4p0ssem,
437 2522 548 2589 rudem
571 2529 625 2588 aut
647 2524 793 2608 ignarum
821 2545 890 2590 esse
922 2525 1035 2591 visum.
1080 2524 1138 2591 scd
1167 2525 1229 2591 fuit
1259 2526 1320 2593 hoc

277 2627 310 2692 in
333 2632 466 2709 utroque
489 2647 606 2708 eorum,
630 2633 664 2692 ut
687 2628 820 2694 Crassus
842 2648 906 2693 non
929 2635 995 2693 tam
1018 2629 1194 2695 existimari
1221 2631 1320 2696 vellet

277 2751 341 2795 non
365 2729 515 2796 didicisse
538 2750 632 2814 quam
654 2731 710 2796 illa
736 2732 898 2817 despicere
915 2739 947 2797 ct
962 2740 1138 2799 nostrorum
1154 2733 1319 2799 hominum

277 2834 311 2898 in
334 2834 419 2898 omni
442 2854 560 2918 genere
582 2834 784 2919 prudentiam
800 2835 931 2900 Graecis
949 2837 1118 2902 anteferre.
1157 2836 1318 2904 Antonius
1337 2857 1373 2906 as

277 2943 384 3002 autem
407 2939 650 3022 probabiliorem
673 2940 733 3005 hoc
755 2940 870 3025 populo
887 2940 1061 3006 orationem
1084 2940 1151 3005 fore
1167 2943 1319 3007 censebat

276 3061 378 3123 suam,
411 3042 438 3106 si
468 3043 596 3108 omuino
627 3043 776 3109 didicisse
807 3063 978 3126 numquam
1008 3050 1186 3128 putaretur;
1222 3051 1318 3128 atque

277 3145 322 3210 ita
345 3165 379 3211 se
402 3152 535 3229 uterque
556 3147 735 3232 graviorem
757 3146 834 3227 fore,
852 3148 879 3212 si
902 3147 982 3211 alter
1004 3153 1217 3228 contemnere,
1238 3148 1319 3212 alter

278 3269 319 3314 ue
342 3269 437 3316 nosse
460 3249 589 3332 quidem
611 3249 750 3315 Graecos
773 3248 942 3315 videretur.

243 3369 260 3420 5
383 3353 523 3430 Quorum
547 3352 713 3418 consilium
735 3353 829 3435 quale
851 3354 956 3435 fucrit,
980 3353 1060 3418 nihil
1087 3374 1165 3418 sane
1192 3355 1235 3420 ad
1258 3354 1317 3420 hoc
1336 3375 1372 3424 30

277 3462 416 3541 tempus;
440 3456 519 3522 illud
542 3463 648 3522 autem
681 3463 729 3522 cst
759 3456 853 3522 huius
875 3456 1038 3522 institutae
1069 3457 1249 3541 scriptionis
1279 3479 1317 3524 ac

277 3560 438 3643 temporis,
469 3560 628 3624 neminem
662 3559 842 3643 eloquentia
875 3580 937 3624 non
968 3559 1061 3624 modo
1092 3561 1160 3625 sinc
1190 3561 1317 3626 dicendi

240 3675 244 3682 ’
278 3659 432 3742 doctrina,
456 3661 513 3726 sed
535 3682 577 3727 nc
600 3664 669 3728 sine
691 3663 777 3728 omni
801 3660 929 3744 quidem
951 3662 1108 3745 sapientia
1122 3662 1234 3729 florere
1253 3685 1318 3728 urn-

242 3779 374 3846 aquam
399 3771 430 3828 et
456 3771 617 3847 praestare
647 3767 797 3849 potuisse.
844 3765 961 3828 etenim
989 3771 1113 3830 ceterae
1140 3764 1207 3831 fere
1233 3773 1319 3832 artes
