2834 4110
280 205 392 259 urana
410 206 446 260 11.
477 205 560 261 oar.
578 210 690 262 as-ao.
721 210 900 272 sna-152.
1045 193 1104 257 109

80 375 209 461 inquam,
233 399 315 462 quae
339 400 409 444 cum
437 380 583 446 omnibus
606 382 639 446 in
661 381 846 447 robustum
868 383 901 446 in
931 382 1034 448 causis
1057 382 1108 447 de-

80 479 237 548 fendendis
258 484 429 568 plurimum
452 486 546 551 valet.
591 487 671 550 haec
698 487 868 572 praecipue
895 486 1028 553 colenda
1058 494 1106 552 est

79 587 170 668 nobis,
192 587 272 653 hacc
295 609 421 672 semper
441 589 635 672 adhibenda,
659 590 739 655 haec
760 591 840 656 nihil
863 597 911 656 est
935 590 1019 674 quod
1041 611 1104 655 non

80 689 269 774 adsequatur.
317 713 413 758 causa
434 700 469 758 ut
491 694 626 778 penitus,
648 694 732 777 quod
755 695 846 761 initio
861 694 939 776 dixi,
963 700 1039 760 nota
1055 695 1107 774 sit,

54 791 232 878 tdihgcntia
256 804 318 881 cst;
349 804 385 861 ut
413 797 631 862 adversarium
660 804 781 863 attente
810 798 977 864 audiamus
1006 804 1103 880 atquc

82 903 110 960 ut
138 901 201 965 eius
227 921 292 966 non
325 902 426 966 solum
455 902 640 983 sententias,
671 902 848 968 sedetiam
877 904 977 968 verba
999 903 1107 968 omnia

84 1003 274 1087 excipiamus,
287 1006 391 1071 voltus
403 1005 540 1088 denique
555 1006 784 1090 perspiciamus
800 1006 911 1088 omnis,
933 1009 986 1091 qui
999 1027 1110 1073 sensus

84 1107 168 1172 animi
193 1111 379 1192 plerumque
406 1110 559 1190 indicant,
591 1110 757 1194 diligentia
789 1117 838 1176 est
872 1149 912 1157 -
942 1111 975 1174 id
1003 1118 1110 1176 tamen
1131 1137 1180 1184 149

85 1208 305 1278 dissimulanter
327 1213 443 1296 facere,
467 1235 508 1280 ne
532 1213 593 1280 sibi
615 1214 668 1279 ille
690 1214 811 1297 aliquid
833 1215 988 1299 prolicere
1005 1214 1110 1280 videa·

40 1323 69 1369 10
85 1319 135 1394 tur,
155 1316 321 1400 prudentia
343 1324 391 1383 est
413 1342 470 1402 —3
495 1317 611 1383 deinde
641 1325 676 1384 ut
704 1320 738 1382 in
760 1318 800 1383 iis
829 1318 906 1384 locis
937 1340 1015 1401 quos
1043 1339 1110 1402 pro-

85 1405 187 1500 ponam
207 1422 302 1505 paulo
324 1429 397 1506 post
422 1423 626 1506 pervolvatur
652 1423 787 1504 animus,
822 1429 856 1487 ut
883 1423 1009 1507 penitus
1037 1424 1110 1488 insi-

85 1529 149 1586 nuet
169 1525 200 1589 in
224 1545 362 1608 oausam,
386 1533 422 1591 ut
444 1527 485 1592 sit
508 1547 584 1591 cura
607 1533 638 1592 et
666 1527 856 1611 (rogitatione
883 1527 1035 1608 intentus,
1066 1527 1111 1591 di·

84 1624 201 1708 ligantia
234 1636 297 1714 est;
332 1636 367 1694 ut
403 1630 453 1696 his
487 1632 583 1696 rebus
618 1630 771 1696 adhibeat
808 1637 972 1713 tamquam
1002 1632 1109 1696 lumen

83 1729 198 1812 aliquod
230 1734 425 1815 memoriam,
460 1741 496 1799 ut
519 1754 649 1816 vocem,
671 1741 706 1799 ut
735 1735 825 1816 viris,
862 1735 1028 1816 dilipeatio
1056 1741 1110 1798 est.

42 1843 67 1888 15
85 1832 157 1898 inter
176 1837 337 1921 ingenium
360 1837 489 1919 quidem
504 1844 537 1904 et
557 1837 755 1921 diligentiam
777 1838 961 1922 perpaulum
982 1836 1044 1901 loci
1066 1857 1111 1901 re·
1131 1859 1181 1908 150

83 1938 192 2021 liquam
221 1948 271 2008 est
300 1943 368 2007 arti.
415 1963 467 2008 ars
500 1943 696 2009 demonstrat
725 1949 849 2008 tantum
878 1941 933 2008 ubi
964 1962 1110 2024 quaeras,

9 2037 11 2054 '
83 2049 169 2125 atque
190 2046 244 2110 ubi
268 2045 309 2111 sit
336 2046 414 2110 illud
437 2047 522 2128 quod
549 2047 677 2112 studeas
704 2047 861 2129 invenirc;
889 2046 1010 2127 reliqua
1039 2053 1112 2111 sunt

82 2147 113 2212 in
135 2169 203 2214 cura
232 2151 408 2216 attentione
435 2151 533 2216 animi
561 2151 752 2236 cogitatione
778 2150 945 2234 vigilantia
973 2148 1110 2215 adsidui-

82 2257 141 2316 tate
160 2254 280 2338 labore;
312 2256 503 2339 complectar
534 2275 597 2321 uno
626 2257 722 2322 verbo
745 2275 807 2336 quo
831 2273 926 2339 saepe
949 2254 1013 2318 iam
1042 2274 1112 2319 sum

40 2359 67 2406 ’20
82 2376 161 2438 usus,
186 2358 365 2442 diligentia,
394 2380 457 2444 qua
483 2379 547 2424 una
574 2360 692 2425 virtute
719 2357 850 2446 [omncs]
878 2359 1011 2425 virtutes
1041 2359 1111 2424 reli·

83 2481 157 2542 quae
178 2463 387 2530 continentur.
433 2485 508 2529 nam
536 2464 686 2530 orationis
708 2463 837 2545 quidem
859 2464 951 2548 copia
966 2463 1111 2529 videmus
1133 2482 1180 2531 151

82 2571 113 2628 ut
133 2565 294 2631 abundent
316 2567 504 2651 philosophi,
529 2567 593 2648 qui,
617 2573 652 2631 ut
674 2567 786 2650 opinor
808 2605 850 2614 —
878 2565 936 2633 scd
962 2573 996 2631 tu
1019 2568 1110 2648 haec,

82 2669 195 2752 Catule,
219 2671 396 2736 melius-
423 2673 510 2736 nulla
537 2670 615 2735 dant
636 2677 809 2755 praccepta
836 2670 965 2737 dicendi
988 2691 1048 2736 nec
1069 2670 1114 2735 id-

83 2773 158 2840 circo
184 2776 298 2856 minus,
327 2795 545 2858 quaecumque
572 2795 623 2840 res
649 2775 810 2859 proposita
837 2781 895 2857 est,
926 2775 1111 2859 suscipiunt,

41 2875 67 2924 '25
83 2875 120 2942 de
142 2899 202 2961 qua
224 2879 349 2963 copiose
373 2887 404 2945 ct
427 2879 628 2945 abundanter
649 2875 839 2961 loquantur.'

178 2985 260 3047 Turn
285 2984 414 3050 Catulus
436 2977 504 3050 ‘est‘
528 2983 631 3066 inquit
654 2976 699 3048 ‘ut
721 2982 812 3065 dicis,
834 2983 963 3062 Antoni,
992 2989 1026 3047 ut
1048 2983 1111 3066 ple·
1134 2970 1182 3091 {³2³2

83 3084 165 3167 rique
187 3087 365 3171 philosophi
387 3088 474 3152 nulla
496 3087 623 3153 tradant
645 3094 816 3172 praccepta
844 3086 971 3152 dicendi
999 3092 1030 3151 et
1060 3085 1114 3150 ha-

85 3187 175 3256 beant
196 3198 342 3275 paratum
368 3197 475 3256 tamen
504 3190 581 3274 quid
608 3190 648 3256 de
679 3211 805 3273 quaque
831 3213 865 3257 re
892 3189 1009 3255 dicant.
1056 3188 1114 3254 sed

85 3291 271 3377 Aristoteles,
293 3296 321 3360 is
343 3315 438 3378 quem
466 3316 525 3380 ego
548 3296 688 3361 maxime
715 3295 862 3376 admiror,
893 3293 997 3378 posuit
1024 3311 1114 3374 quos-

46 3391 72 3440 30
87 3394 153 3464 dam
174 3401 269 3478 looos,
292 3421 334 3465 ex
365 3399 478 3482 quibus
505 3400 609 3464 omnis
637 3400 816 3483 argumenti
842 3399 896 3462 oio
926 3417 990 3462 non
1020 3393 1113 3461 modo
1204 3485 1206 3488 Ι

87 3500 123 3564 ad
143 3503 398 3589 philosophomm
421 3502 678 3587 disputationem,
701 3502 759 3568 sed
782 3503 877 3569 etiam
893 3499 935 3564 ad
949 3499 1033 3562 hanc
1048 3518 1115 3562 ora-

89 3603 196 3672 tionem
220 3609 338 3692 quain
362 3607 466 3673 causis
486 3608 604 3672 utimur
625 3607 829 3673 inveniretur.
867 3624 887 3667 a
910 3623 970 3685 quo
987 3599 1115 3683 quidem

89 3704 206 3780 homine
228 3714 293 3778 iam
315 3712 444 3793 dudum,
468 3712 597 3793 Antoni,
622 3732 684 3776 non
711 3712 837 3775 aberrat
852 3707 951 3771 oratio
967 3711 1030 3784 tua,
1047 3705 1115 3770 sive

90 3815 118 3878 tu
143 3815 345 3884 similitudine
372 3816 456 3882 illius
490 3813 591 3880 divini
623 3813 744 3898 ingenii
777 3814 811 3878 in
842 3809 954 3876 cadem
980 3807 1114 3872 incurris
