2866 4110
368 131 479 220 31333
498 167 519 222 1.
556 166 727 224 onus-e.
764 171 908 232 sea-so.
1135 151 1154 214 9

98 347 205 424 potest
230 341 268 404 in
295 325 361 405 otio
383 348 439 405 aut
460 339 628 407 iucundius
651 349 706 407 aut
733 342 835 426 magis
861 341 1022 426 proprium
1048 340 1155 405 huma-

98 443 211 510 nitatis
238 465 343 526 quam
370 464 471 509 sermo
498 445 620 510 facetus
647 467 685 510 ac
707 446 794 511 nulla
819 444 853 509 in
879 465 913 510 re
939 443 1051 508 rudis?
1096 443 1156 509 hoc

99 548 185 612 enim
215 569 288 614 uno
316 554 514 631 praestamus
537 550 588 615 vel
614 551 753 615 maxime
781 549 865 629 feris,
890 547 973 631 quod
998 547 1155 629 conloqui·

101 671 171 714 mur
194 652 286 715 inter
311 670 370 716 nos
392 659 424 716 et
446 651 530 733 quod
553 653 731 737 exprimere
761 650 896 717 dicendo
925 671 1020 716 sensa
1049 670 1155 735 possu-

68 755 181 819 5'mus.
234 775 336 836 quarn
359 755 399 818 ob
422 775 488 819 rem
511 757 581 839 quis
604 756 664 822 hoc
686 776 749 821 non
772 757 839 821 iure
866 755 995 820 miretur
1022 775 1155 820 summe·
1174 775 1207 822 33

101 877 163 938 que
192 859 231 923 in
266 878 307 922 33
339 857 563 925 elaborandum
597 880 668 926 esse
701 860 886 941 arbitretur,
917 865 968 939 ut,
1000 879 1061 941 quo
1093 879 1155 923 uno

101 960 277 1028 homines.
294 962 435 1028 maxime
468 963 578 1029 bestiis
612 965 792 1048 praestent,
823 963 856 1027 in
887 963 946 1029 hoo
975 962 1155 1028 hominibus

103 1065 182 1148 ipsis
210 1064 414 1130 antecellat?
444 1073 478 1130 ut
500 1087 575 1132 vero
598 1066 662 1132 iam
684 1067 726 1132 ad
749 1067 803 1131 illa
825 1087 948 1134 summa
971 1066 1155 1131 veniamus:

105 1188 187 1250 quae
213 1169 268 1233 vis
293 1168 357 1232 alia
378 1171 479 1253 potuit
501 1178 557 1235 aut
579 1169 738 1255 dispersos
761 1171 904 1236 homines
931 1191 1028 1235 unum
1055 1170 1089 1234 in
1115 1170 1156 1235 lo²

56 1292 87 1337 ro
105 1291 177 1340 oum
215 1291 415 1356 congregare
448 1279 503 1338 aut
535 1294 556 1338 a
589 1274 657 1340 fera
690 1276 871 1359 agrestique
902 1275 968 1340 vita
1000 1273 1042 1339 ad
1072 1273 1155 1338 hunc

104 1374 288 1440 humanum
305 1376 421 1440 cultum
437 1377 626 1459 civilemque
641 1377 798 1443 deducere
817 1385 872 1444 aut
891 1379 955 1444 iam
979 1377 1156 1442 constitutis

106 1479 297 1555 civitatibus
328 1479 415 1564 leges
444 1481 562 1546 iudicia
591 1483 660 1546 iura
687 1481 886 1560 discribere?
930 1503 968 1547 33
991 1502 1031 1546 33
1054 1481 1155 1571 plura,
1174 1499 1208 1547 34

104 1603 190 1666 qnae
211 1589 291 1649 sunt
309 1603 411 1668 paene
430 1585 682 1666 innumerabilia,
699 1593 871 1666 consecter,
888 1584 1154 1670 comprehendam

105 1687 216 1752 brevi:
250 1687 299 1752 313
325 1687 409 1753 enim
435 1695 549 1769 statuo,
572 1689 704 1773 perfecti
729 1691 861 1755 oratoris
884 1689 1100 1754 moderatione
1124 1695 1155 1752 et
1214 1673 1218 1680 ’

60 1809 89 1858 15
107 1790 273 1874 sapientia
295 1809 359 1854 non
381 1791 480 1856 solum
504 1792 603 1875 ipsius
627 1793 824 1876 dignitatem,
841 1792 897 1859 sed
914 1799 946 1856 et
961 1793 1155 1876 privatorum

106 1894 318 1977 plurimorum
345 1897 385 1960 et'
402 1895 569 1961 universae
599 1897 645 1962 rei
674 1897 820 1981 publicae
851 1896 984 1960 salutem
1015 1895 1154 1959 maxime

108 1997 278 2062 contineri.
315 2017 409 2078 quam
431 1999 471 2064 ob
495 2019 561 2064 rem
585 2001 718 2084 pergite,
735 2005 770 2065 ut
792 1999 907 2080 facitis,
923 1998 1154 2078 adulescentes

107 2108 207 2184 atque
234 2101 270 2164 in
297 2100 330 2165 id
353 2101 490 2167 studium
513 2103 546 2168 in
563 2123 624 2185 quo
648 2105 723 2168 estis
746 2103 929 2184 incumbite,
953 2109 987 2166 ut
1010 2109 1042 2168 et
1064 2102 1155 2167 vobis

108 2204 224 2271 honori
247 2211 280 2270 et
302 2206 411 2271 amicis
434 2206 561 2271 utilitati
578 2214 609 2272 et
624 2208 670 2272 rei
685 2207 832 2292 publicae
853 2208 1064 2280 emolumento
1085 2225 1154 2271 esse

59 2327 92 2374 33
110 2304 265 2392 possitis?
1135 2395 1138 2402 Ι

218 2415 300 2478 Tum
328 2414 481 2480 Scaevola
509 2415 652 2496 comiter,
680 2421 715 2480 ut
747 2415 868 2481 solebat
899 2409 1025 2480 ‘cetera'
1052 2414 1155 2496 inquit

112 2508 287 2580 ‘adsentior
311 2517 433 2598 Crasso,
453 2538 493 2582 33
515 2525 571 2582 333
593 2517 633 2583 de
656 2519 691 2584 O.
708 2519 809 2584 Laelii
831 2518 931 2584 soceri
953 2518 1016 2583 mei
1037 2524 1099 2582 333
1115 2517 1155 2582 de

111 2618 209 2684 huius
231 2621 340 2702 generi
363 2628 418 2685 aut
439 2628 508 2685 arte
530 2628 585 2685 aut
606 2622 708 2705 gloria
729 2621 913 2705 detraham3
937 2621 994 2688 sed
1013 2622 1067 2685 illa
1081 2621 1154 2700 duo,

114 2723 241 2802 Crasse,
257 2743 368 2789 vereor
390 2729 425 2788 ut
447 2724 505 2788 tibi
527 2725 645 2809 possim
669 2725 859 2791 concedere:
883 2746 990 2806 unum,
1008 2724 1092 2807 quod
1113 2727 1153 2791 ab

61 2845 94 2892 33
113 2826 290 2891 oratoribus
314 2828 458 2894 civitates
481 2836 512 2894 33
534 2829 625 2895 131313
648 2830 834 2894 constitutas
858 2836 889 2894 33
912 2850 1008 2914 saepe
1035 2849 1155 2895 conser-

113 2937 208 2994 vatas
238 2950 307 2996 esse
337 2932 463 3016 dixisti,
495 2934 637 3015 alterum,
661 2933 745 3015 quod
773 2939 892 2998 remoto
918 2933 985 2999 foro
1009 2933 1155 3000 contione

114 3032 241 3098 iudiciis
275 3041 388 3100 senatu
423 3037 559 3102 statuisti
590 3043 746 3104 oratorem
777 3037 810 3102 in
838 3039 924 3102 omni
949 3057 1067 3122 genere
1095 3057 1155 3103 ser-

114 3137 219 3202 monis
241 3145 273 3202 et
295 3139 502 3206 humanitatis
525 3161 594 3206 esse
618 3141 802 3224 perfectum.
835 3142 905 3223 quis
922 3142 1006 3208 enim
1022 3141 1079 3205 tibi
1095 3140 1155 3205 hoc
1174 3149 1206 3197 36

7 3304 12 3316 ,
116 3243 316 3323 concesserit,
339 3249 395 3308 aut
423 3243 513 3309 initio
543 3265 645 3328 genus
674 3245 838 3310 hominum
868 3247 901 3311 in
931 3245 1090 3310 montibus
1117 3265 1156 3309 33

66 3363 97 3426 33
117 3343 205 3410 silvis
239 3345 427 3431 dissipatum
451 3369 524 3413 ‘non
555 3349 758 3433 prudentium
789 3351 929 3416 consiliis
961 3349 1155 3433 compulsum

117 3448 222 3531 potius
251 3469 345 3531 quam
375 3450 563 3517 disertorum
593 3453 735 3519 oratione
766 3453 938 3518 delenitum
969 3472 1004 3517 se
1031 3449 1156 3534 oppidis

117 3551 344 3635 moenibusque
371 3555 554 3638 saepsisse?
592 3564 647 3621 aut
670 3577 744 3620 vero
767 3556 905 3638 reliquas
928 3553 1078 3619 utilitates
1100 3561 1155 3617 aut

117 3655 151 3720 in
182 3655 409 3724 constituendis
438 3665 493 3724 aut
522 3661 556 3724 in
586 3659 812 3725 conservandis
842 3658 1023 3722 civitatibus
1049 3673 1155 3718 nona
1241 3667 1245 3676 '

116 3759 314 3845 sapientibus
345 3770 376 3828 33
406 3762 540 3828 fortibus
570 3762 656 3842 viris,
688 3761 745 3826 sed
775 3782 795 3823 3
825 3758 952 3822 disertis
981 3759 1155 3835 ornateque

1180 2393 1198 2445 9

1173 2467 1206 2512 35
