2834 4110
251 189 314 254 132
455 205 567 260 LIBER
586 206 622 259 II.
653 205 736 261 cAP.
750 209 861 263 57-58.
892 210 907 270 ἓ
924 208 1072 262 231—234.

249 483 440 550 urbanitatis
463 504 533 550 esse
562 484 701 549 fateatur
709 481 736 547 ‘l’
768 477 864 566 ‘quid,
896 479 934 548 si'
967 483 1070 565 inquit
1098 484 1197 550 Iulius
1224 476 1287 547 ‘ad-

180 600 231 648 232
251 587 370 653 sentior
392 587 531 653 Antonio
555 586 674 652 dicenti
703 587 822 651 nullam
854 606 924 652 esse
953 594 1054 651 artem
1084 581 1193 652 salisl'
1234 585 1288 649 hic

251 711 322 757 eum
353 691 510 774 Sulpicius
542 691 729 771 reticuisset,
767 683 869 772 ‘quasi
902 686 990 756 vero'
1023 690 1127 772 inquit
1160 693 1287 754 Crassus
1406 771 1407 774 Ἴ

250 789 373 860 ‘horum
403 794 542 878 ipsorum
573 792 613 858 de
644 794 757 876 quibus
788 794 945 858 Antonius
975 794 1039 857 iam
1067 784 1124 858 diu
1153 793 1326 876 loquitur5

250 919 301 964 ars
323 898 388 962 ulla
411 899 465 962 sit!
489 898 681 965 observatio·
693 897 850 980 quaedam
865 903 923 978 est,
939 903 974 962 ut
989 897 1058 981 ipse
1073 897 1165 978 dixit,
1183 915 1287 961 earum
1406 977 1407 990 ἵ

250 1022 354 1067 rerum
377 1002 514 1085 quaein
539 1002 673 1067 dicendo
696 1001 821 1086 valent,
846 1022 927 1084 quae
951 1002 978 1066 si
993 1001 1169 1083 eloquentis
1184 1001 1287 1066 facere
1406 1001 1407 1078 l

250 1111 367 1191 posset,
391 1106 462 1188 quis
490 1112 575 1170 esset
601 1126 665 1170 non
696 1104 872 1186 eloquens?
906 1105 977 1187 quis
1007 1106 1091 1170 enim
1120 1106 1200 1169 haec
1226 1125 1288 1168 non

250 1211 303 1274 vel
325 1209 419 1275 facile
441 1210 494 1274 vel
523 1216 608 1274 certe
637 1209 743 1291 aliquo
774 1207 867 1274 modo
898 1205 1004 1292 posset
1032 1209 1197 1274 ediscere?
1234 1205 1290 1273 sed
1406 1293 1407 1300 ἵ

251 1333 310 1398 ego
333 1314 367 1378 in
389 1313 440 1378 his
464 1313 644 1397 praeceptis
666 1313 749 1377 hanc
778 1312 844 1377 vim
868 1318 900 1378 et
922 1311 1006 1376 hanc
1027 1313 1198 1378 utilitatem
1220 1320 1345 1378 esse1⁰
1406 1301 1407 1310 ’

250 1417 394 1496 arbitror,
417 1437 482 1482 non
505 1422 540 1479 ut
564 1416 606 1481 ad
629 1415 851 1500 reperiendum
874 1416 959 1498 quod
982 1415 1125 1480 dicamus
1147 1423 1215 1481 arte
1238 1415 1291 1479 du⁴

251 1540 368 1600 camur,
393 1519 449 1584 sed
471 1525 507 1583 ut
530 1539 568 1584 ea
593 1540 674 1601 quae
697 1526 820 1600 natura,
845 1539 927 1602 quae
950 1519 1063 1600 studio,
1095 1539 1177 1602 quae
1206 1540 1292 1584 exer·

252 1623 400 1689 citatione
436 1624 658 1705 consequimur
691 1629 746 1687 aut
779 1629 866 1688 recta
900 1642 970 1688 esse
1004 1622 1201 1688 confidamus
1238 1629 1293 1689 aut

250 1747 351 1811 prava
372 1726 605 1810 intellegamus,
629 1747 700 1791 oum
724 1747 786 1808 quo
808 1725 977 1792 referenda
1000 1727 1063 1792 sint
1078 1726 1291 1792 didicerimus.

181 1841 232 1891 233
252 1851 315 1913 qua
338 1851 381 1912 re,
406 1832 534 1911 Caesar,
559 1849 618 1913 ego
642 1850 766 1912 quoque
796 1830 856 1894 hoc
885 1851 906 1894 a
931 1836 964 1895 te
993 1838 1077 1914 peto,
1108 1836 1152 1911 ut,
1184 1831 1212 1895 si
1235 1829 1346 1895 tibi15
1406 1851 1407 1906 q

252 1934 386 2016 videtur,
410 1934 553 2018 disputes
575 1934 616 1998 de
638 1933 699 1999 hoc
714 1939 779 1998 toto
795 1932 921 1999 iocandi
936 1953 1054 2018 genere
1070 1933 1147 2015 quid
1162 1935 1292 2015 sentias,

252 2059 293 2103 ne
317 2060 380 2121 qua
402 2038 482 2103 forte
507 2038 634 2102 dicendi
658 2058 742 2121 pars,
766 2038 915 2119 quoniam
938 2037 983 2102 ita
998 2038 1153 2119 voluistis,
1176 2038 1210 2102 in
1233 2037 1293 2102 hoc

251 2142 307 2207 tali
331 2149 422 2207 coetu
444 2150 539 2224 atque
562 2142 596 2206 in
619 2148 684 2206 tam
707 2139 857 2205 adcurato
873 2160 1017 2206 sermone
1036 2142 1208 2225 praeterita
1224 2162 1293 2208 esse

252 2242 421 2311 uideatur.³
474 2239 544 2328 ‘ego
575 2241 661 2310 vero'
691 2245 794 2326 inquit
815 2245 868 2309 ille
892 2238 1051 2326 ‘quoniam
1075 2245 1294 2310 conlectama
1406 2261 1407 2356 p

254 2349 399 2430 conviva,
425 2349 548 2429 Crasse,
573 2349 686 2432 exigis,
710 2369 774 2412 non
791 2349 984 2413 committam
1001 2355 1044 2429 ut,
1061 2349 1088 2414 si
1104 2347 1293 2433 defugerim,
1312 2357 1347 2405 2⁰

253 2453 311 2517 tibi
335 2473 463 2517 causam
493 2453 633 2534 aliquam
659 2453 828 2518 recusandi
856 2451 938 2517 dem.
984 2473 1178 2534 quamquam
1209 2455 1294 2519 soleo

254 2575 350 2639 saepe
372 2555 480 2619 mirari
504 2577 611 2620 corum
643 2557 873 2639 impudentiam
904 2557 958 2638 qui
987 2563 1086 2640 agunt
1115 2557 1149 2620 in
1177 2577 1295 2622 scaena

254 2666 380 2743 gestum
403 2659 604 2743 inspectante
626 2659 754 2744 Roscio;
787 2661 857 2743 quis
885 2660 969 2724 enim
1001 2680 1070 2725 sese
1093 2680 1295 2726 commovere

253 2768 358 2846 potest
381 2762 470 2827 cuius
492 2763 544 2828 ille
567 2763 646 2826 vitia
669 2783 732 2827 nou
756 2763 889 2828 videat?
913 2763 958 2828 sic
981 2784 1040 2847 ego
1060 2783 1156 2845 nunc,
1179 2765 1295 2830 Crasso

252 2865 413 2946 audiente,
440 2865 578 2948 primum
607 2866 718 2948 loquar
744 2865 784 2931 de
814 2866 937 2931 facetiis
968 2873 999 2931 et
1021 2865 1142 2933 docebo
1166 2887 1229 2950 sus,
1262 2874 1296 2932 ut
1313 2877 1346 2926 2⁵

253 2969 352 3049 aiunt,
376 2976 532 3034 oratorem
555 2991 637 3051 eum,
662 2990 756 3052 quem
779 2990 851 3034 eum
866 2970 999 3035 Catulus
1018 2991 1120 3054 nuper
1141 2971 1295 3052 audisset,

184 3084 236 3133 ast
255 3065 374 3137 ‘fenum
407 3068 497 3137 alios’
530 3073 638 3137 aiebat
668 3066 749 3138 ‘esse
780 3067 943 3156 oportere'.
990 3079 1056 3138 tum
1086 3074 1138 3138 ille
1161 3067 1296 3141 ‘iocaba

254 3172 315 3241 tur'
339 3175 443 3258 inquit
466 3168 618 3258 ‘Catulus
646 3176 832 3261 praesertim
860 3196 931 3241 cum
960 3177 1006 3241 ita
1036 3177 1121 3242 dicat
1149 3179 1229 3262 ipse,
1262 3185 1297 3244 ut

253 3280 414 3345 ambrosia
448 3279 583 3345 alendus
620 3298 689 3345 esse
727 3279 881 3345 videatur.
934 3301 1045 3345 verum
1081 3287 1127 3362 te,
1152 3281 1295 3368 -ansar,

144 3423 158 3448 ν
254 3384 432 3465 audiamus,
464 3391 499 3448 ut
528 3385 659 3448 Antonii
689 3383 810 3465 reliqua
840 3379 1027 3448 videamus?
1080 3391 1112 3449 et
1137 3384 1297 3454 Antonius
1315 3397 1347 3445 oo

254 3481 428 3573 ‘perpauca
451 3488 529 3552 mihi
552 3486 681 3569 quidem
703 3481 836 3552 restant'
857 3487 960 3570 iuquit
983 3479 1050 3552 ‘sed
1067 3494 1172 3554 tamen
1194 3488 1297 3556 defes-

256 3611 310 3656 sus
333 3593 398 3656 iam
420 3593 528 3656 labore
551 3598 647 3673 atque
670 3591 782 3655 itinere
806 3589 1029 3674 disputationis
1056 3612 1146 3657 meae
1176 3593 1297 3674 requie-

256 3713 343 3759 scam
368 3695 401 3759 in
422 3696 568 3760 Caesaris
591 3714 735 3760 sermone
759 3695 848 3776 quasi
871 3695 905 3758 iu
927 3695 1032 3777 aliquo
1062 3705 1297 3782 peropportuno

195 3805 233 3860 os
258 3795 461 3863 deversorio.²
513 3794 624 3882 ‘atqui'
657 3799 760 3882 inquit
793 3799 892 3864 Iulius
925 3792 1000 3863 ‘uon
1037 3800 1132 3865 nimis
1165 3800 1297 3869 liberale

250 386 310 461 tur,
337 381 522 464 praesertim
554 401 625 444 oum
660 387 781 445 tantam
812 380 876 445 vim
908 385 938 444 et
961 379 1128 444 utilitatem
1156 379 1228 444 salis
1253 384 1288 442 et
1404 347 1407 556 1

1406 645 1407 690 l

1406 3903 1407 3952 l

1403 3993 1407 4050 l

1406 4061 1407 4091 l
