2834 4110
290 175 403 251 niens
422 198 459 252 11.
490 197 572 253 oAP.
590 202 702 256 37-38.
734 201 749 267 o
770 203 915 256 155-159.
1061 186 1121 246 111

88 371 186 436 simos
205 371 598 456 philosophos-misissent,
622 373 821 440 Carneadem
844 380 876 439 et
899 374 1070 439 Critolaum
1091 381 1123 438 et

86 475 278 561 Diogenem
301 477 408 559 itaque
436 498 499 558 eos,
528 477 604 543 dum
631 480 752 545 Romae
779 486 894 560 essent,
923 485 955 544 et
984 500 1005 544 a
1034 497 1069 544 se
1091 485 1123 542 et

87 581 130 644 ab
156 581 222 646 aliis
241 580 425 665 frequenter
447 582 580 648 auditos.
627 604 706 665 quos
728 590 763 649 tu
790 604 861 648 oum
888 584 1024 650 haberes
1051 603 1123 648 aue-

85 691 181 764 tores,
201 687 329 767 Antoni,
360 687 455 752 miror
486 709 542 752 our
567 688 786 772 philosophiae
814 688 896 753 siout
922 689 1043 754 Zethus
1070 687 1123 752 ille

52 812 67 856 ε
86 788 284 856 Pacuvianus
306 812 406 876 prope
428 792 545 857 bellurn
568 789 744 858 indixeris.³
768 786 920 857 ‘minimo’
943 793 1046 875 inquit
1060 791 1123 856 An·
1143 811 1193 859 156

85 893 191 959 tonius
211 887 259 960 ‘ae
281 895 327 960 sio
351 895 478 960 decrevi
495 896 710 980 philosophari
725 897 830 980 potius
846 902 881 961 ut
896 897 1123 980 Neoptolemus

86 998 172 1080 apud
192 999 329 1064 Ennium
351 992 499 1084 “paucis:
523 1021 598 1065 nam
621 1001 749 1065 omnino
772 1000 858 1065 haud
886 995 1022 1084 plaoet.³'
1066 998 1124 1066 sed

86 1107 192 1166 tamen
224 1102 305 1168 haee
341 1109 389 1168 θεῖ
424 1124 496 1168 mea
532 1105 705 1184 sententia,
738 1123 832 1185 quam
862 1103 995 1169 videbar
1030 1125 1123 1188 expo-

87 1205 202 1272 suisse:
233 1228 292 1291 ego
327 1207 389 1272 ista
412 1207 518 1272 studia
552 1229 616 1273 non
647 1208 800 1292 improbo,
833 1206 997 1273 moderata
1030 1208 1124 1274 modo

41 1324 70 1371 ro
87 1309 165 1393 sint;
186 1312 366 1396 opinionem
394 1311 524 1376 istorum
552 1311 726 1376 studiorum
754 1318 785 1376 et
812 1311 1025 1395 suspioionem
1052 1313 1124 1377 arti-

87 1412 150 1478 ficii
171 1416 255 1499 apud
277 1434 332 1482 eos
355 1416 409 1497 qui
432 1436 483 1481 res
505 1416 647 1481 iudioent
670 1416 785 1480 oratori
807 1414 1024 1481 adversariam
1053 1435 1123 1482 θεεθ

88 1518 230 1605 arbitror;
253 1521 413 1585 imminuit
436 1521 521 1585 enim
544 1526 575 1585 et
598 1519 730 1584 oratoris
753 1519 972 1583 auctoritatem
1001 1526 1032 1584 et
1059 1539 1124 1584 ora-

89 1620 179 1688 tionis
200 1623 306 1689 fidem.
352 1623 419 1705 sed,
444 1631 479 1688 ut
501 1645 538 1691 eo
561 1630 727 1689 revooetur
749 1622 835 1687 unde
865 1622 928 1687 huo
950 1622 1124 1687 declinavit
1144 1603 1192 1725 {35⁸7

90 1727 193 1808 oratio,
221 1749 262 1793 ex
289 1729 394 1794 tribus
421 1728 490 1794 istis
514 1727 695 1793 clarissimis
723 1726 930 1811 philosophis,
958 1746 1036 1808 quos
1063 1726 1122 1790 Ro-

45 1840 71 1886 15
88 1848 169 1894 mam
190 1833 318 1898 venisse
340 1831 459 1914 dixisti,
483 1832 617 1898 videsne
639 1832 818 1916 Diogenem
841 1850 913 1895 eum
935 1830 1044 1910 fuisse,
1068 1829 1122 1910 qui

89 1931 202 2000 diaeret
222 1944 325 2001 artem
347 1957 382 2002 se
404 1936 529 2002 tradere
551 1938 635 2002 bene
657 1933 834 2000 disserendi
850 1941 882 2000 et
896 1955 973 1999 vera
987 1954 1026 1998 ao
1040 1932 1122 1998 falsa

88 2035 288 2121 diiudicandi,
313 2061 408 2122 quam
431 2041 529 2106 verbo
553 2040 674 2105 Graeco
698 2041 899 2125 διαλεκτικὴν
925 2038 1121 2122 appellaret?

88 2140 120 2205 in
141 2142 200 2208 hae
220 2151 299 2226 arte,
323 2145 350 2210 si
365 2145 458 2210 modo
474 2151 522 2210 est
538 2144 617 2210 haee
631 2164 693 2225 ars,
717 2143 836 2208 nullum
853 2150 901 2208 est
916 2147 1121 2227 praeseptum

87 2248 259 2326 quomodo
282 2269 393 2314 verum
416 2249 606 2331 inveniatur,
635 2247 692 2314 sed
715 2254 838 2311 tantum
869 2253 917 2312 est
940 2267 1001 2329 quo
1027 2245 1121 2311 modo

46 2354 72 2402 20
88 2347 246 2416 iudicetur.
293 2373 368 2417 nam
391 2360 423 2418 et
445 2373 538 2418 omne
562 2352 647 2434 quod
670 2352 846 2434 eloquimur
869 2352 924 2433 sio,
954 2358 989 2417 ut
1011 2351 1045 2415 id
1067 2358 1122 2416 aut
1142 2369 1191 2418 158

89 2469 156 2519 esse
179 2455 321 2522 dieamus
343 2464 398 2521 aut
420 2478 484 2522 non
508 2477 588 2538 esse,
613 2463 654 2538 et,
678 2457 705 2522 si
729 2455 913 2538 simpliciter
927 2455 1047 2522 dietum
1070 2457 1121 2537 sit,

89 2559 258 2642 suscipiunt
279 2559 447 2642 dialeotioi,
472 2567 505 2626 ut
527 2560 668 2626 iudicent
691 2579 843 2625 verumne
866 2561 907 2625 sit
930 2581 971 2624 an
995 2560 1121 2642 falsum,

88 2665 126 2742 et,
149 2663 176 2728 si
198 2664 364 2729 ooniunote
387 2665 429 2730 sit
452 2665 569 2730 elatum
592 2672 624 2729 et
646 2664 797 2729 adiuncta
812 2664 876 2728 sint
890 2665 963 2745 alia,
980 2664 1122 2729 iudicant
1191 2741 1193 2745 ,

88 2773 209 2832 reotene
230 2767 381 2833 adiuncta
404 2768 468 2834 sint
490 2775 522 2834 et
544 2789 662 2834 verane
686 2787 809 2832 summa
832 2767 873 2832 sit
900 2768 993 2833 unius
1021 2769 1122 2834 ouius-

45 2877 73 2926 ’ἑὸ
89 2887 147 2947 que
167 2873 307 2954 rationis,
332 2879 363 2937 et
384 2872 428 2937 ad
451 2880 628 2938 extremum
654 2873 716 2956 ipsi
746 2891 781 2937 se
809 2879 1028 2956 compungunt
1056 2872 1122 2937 suis

89 2976 281 3042 acuminibus
304 2983 335 3042 et
358 2979 458 3042 multa
480 2976 661 3059 quaerendo
689 2976 851 3060 reperiunt
873 2998 937 3043 non
961 2975 1054 3042 modo
1083 2997 1122 3041 ea

90 3093 166 3155 quae
188 3081 251 3145 iarn
273 3101 336 3146 non
359 3082 482 3166 possint
503 3081 564 3165 ipsi
586 3080 770 3162 dissolvere,
794 3080 851 3146 sed
882 3081 979 3146 otiam
1007 3081 1122 3163 quibus

90 3188 158 3248 ante
181 3204 294 3250 exorsa
318 3183 349 3249 et
371 3186 476 3270 potius
492 3184 622 3250 detexta
637 3205 736 3269 prope
755 3191 949 3250 relexantur.
996 3184 1048 3249 hio
1063 3206 1122 3250 nos
1141 3199 1190 3248 159

90 3282 178 3366 igitur
200 3289 324 3356 Stoicus
346 3290 406 3355 iste
428 3289 508 3354 nihil
530 3288 671 3370 adiuvat,
696 3290 846 3372 quoniam
868 3309 962 3372 quem
989 3286 1031 3352 ad
1059 3307 1122 3351 mo-

49 3390 76 3440 30
91 3385 158 3456 dum
178 3393 339 3458 inveniam
362 3392 439 3476 quid
461 3393 565 3458 dioam
587 3415 652 3460 non
668 3392 768 3459 dooet.
807 3400 903 3476 atque
924 3390 1009 3456 idem
1025 3391 1122 3455 etiam
1211 3383 1214 3386 ’

12 3495 13 3518 l
92 3488 225 3577 impedit,
255 3496 339 3578 quod
367 3504 398 3564 et
425 3498 524 3562 multa
550 3498 667 3582 reperit
695 3518 776 3581 quae
806 3503 905 3580 negat
930 3496 993 3561 ullo
1027 3494 1121 3560 modo

93 3615 177 3678 posse
198 3600 339 3683 dissolvi,
364 3609 395 3667 θῖ
417 3622 520 3686 genus
546 3603 701 3668 sermonis
729 3600 833 3666 adfert
863 3620 927 3665 non
954 3599 1120 3681 liquidum,

92 3717 147 3767 non
169 3705 276 3772 fusum
298 3726 337 3770 ao
358 3705 527 3790 profluens,
552 3706 610 3772 sed
632 3707 716 3771 exile
739 3703 863 3769 aridum
891 3703 1052 3768 oonoisum
1077 3710 1121 3768 at·

91 3820 145 3883 que
158 3811 324 3876 minutum.
349 3809 434 3895 quod
456 3809 483 3876 si
506 3810 561 3893 qui
582 3810 739 3894 probabit,
756 3807 802 3871 ita
823 3807 980 3891 probabit,
998 3814 1032 3874 ut
1054 3828 1121 3874 ora·
