2834 4110
345 191 457 244 LIBER
470 192 507 246 ll.
533 191 615 245 GAP.
629 195 670 248 82.
695 193 867 256 §333-337.
1063 178 1124 241 159

192 364 295 445 Atque
328 364 408 429 haee
441 365 475 429 in
509 372 621 430 senatu
654 365 775 430 minore
808 373 964 450 apparatu
997 365 1123 449 agenda
1148 375 1185 429 82

20 481 21 520 1
92 472 178 550 sunt,
203 468 328 552 sapiens
351 469 435 534 enim
459 476 507 534 est
531 469 695 535 eonsilium
719 470 888 552 multisque
910 471 981 535 aliis
997 469 1123 534 dicendi

20 581 21 634 l
91 570 311 653 relinquendus
325 573 420 638 loeus.
445 573 576 638 vitanda
593 579 640 639 est
657 575 753 637 etiam
768 574 889 658 ingenii
905 574 1123 639 ostentationis

20 719 21 746 ,
93 674 233 757 suspieio.
279 676 383 740 oontio
399 677 484 760 oapit
498 697 623 742 omnem
639 677 704 741 vim
720 677 869 742 orationis
886 684 916 741 et
935 677 1122 761 gravitatem
1143 691 1195 740 334

64 777 334 862 ovanetatemque
364 778 533 847 desiderat.
579 800 654 864 ergo
688 781 736 844 in·
759 780 922 846 suadendo
959 780 1038 844 nihil
1076 789 1124 845 est

93 881 254 963 optabilius
277 903 371 965 quarn
395 884 551 969 dignitas;
575 885 734 977 namqui
751 885 916 949 utilitatem
936 891 1036 969 putat,
1060 905 1123 949 non

93 983 165 1063 quid
187 987 324 1051 maxime
348 989 425 1052 velit
447 1008 566 1068 suasor,
591 988 648 1053 sed
671 988 747 1070 quid
768 989 926 1053 interdum
949 990 1052 1072 magis
1080 1008 1124 1054 se-

94 1095 202 1166 quatur
223 1090 320 1155 videt.
367 1111 460 1157 nemo
484 1099 531 1157 est
554 1093 648 1173 enim,
673 1093 858 1175 praesertim
888 1101 954 1158 tam
984 1095 1017 1158 in
1040 1094 1125 1159 clara

96 1190 227 1274 civitate,
259 1196 335 1276 quin
371 1202 462 1279 putet
497 1194 710 1280 expetendam
748 1197 888 1266 maxime
919 1197 1122 1282 dignitatem;

20 1349 21 1382 ,
57 1301 80 1348 10
95 1293 146 1356 sed
167 1297 264 1362 vineit
287 1299 406 1363 utilitas
429 1299 622 1382 plerumque,
654 1319 725 1364 oum
748 1300 857 1365 subest
888 1300 942 1366 ille
965 1303 1058 1367 timor
1085 1321 1123 1365 ea

20 1405 23 1496 ι
95 1400 232 1480 negleota
260 1422 302 1467 ne
325 1403 514 1485 dignitatem
545 1403 673 1485 quidem
695 1423 789 1486 posse
821 1405 959 1470 retineri.
1007 1412 1123 1471 oontro
1143 1416 1192 1464 335

20 1509 22 1616 p
95 1504 191 1568 versia
211 1512 318 1570 autem
348 1507 395 1570 int
397 1527 431 1570 er
383 1507 614 1571 thominum
642 1507 816 1573 sententias
845 1511 963 1573 autin
993 1509 1046 1573 illo
1076 1517 1124 1573 est

96 1611 394 1692 utrumsitutilius,
418 1611 601 1692 autetiam,
632 1631 703 1675 ourn
734 1611 767 1674 id
799 1614 956 1694 convenit,
989 1620 1124 1677 oertatur

96 1715 191 1775 utrum
212 1713 447 1779 honestatit
393 1722 447 1799 pot
448 1715 498 1780 ius
512 1735 554 1778 an
570 1721 604 1778 ut
592 1714 696 1779 rlrta
674 1721 698 1778 1
715 1714 943 1780 consulendum
961 1716 1009 1780 sit.
1042 1736 1124 1797 quae

60 1819 84 1866 15
99 1813 164 1893 quia
184 1835 327 1900 pugnare
350 1817 432 1882 inter
456 1837 490 1882 se
513 1837 608 1902 saepe
631 1817 789 1899 videntur,
813 1819 866 1900 qui
890 1818 1057 1882 utilitatem
1073 1817 1124 1881 de-

20 1923 24 2078 p
97 1913 196 1983 tendet
219 1920 417 1984 enumerabit
448 1919 612 1986 commoda
634 1922 723 2005 pacis
747 1942 842 2006 opum
869 1922 1031 2005 potentiae
1063 1919 1124 2006 [pe-

98 2023 212 2102 ouniae]
235 2025 438 2108 vestigalium
461 2025 611 2109 praesidii
638 2027 773 2090 militum
805 2023 977 2112 {utilitates}
1009 2033 1124 2090 eetera-

97 2144 157 2189 rum
179 2147 283 2192 rerum
307 2149 440 2210 quarum
462 2128 598 2193 fructum
629 2130 765 2193 utilitate
797 2130 953 2209 metimur,
985 2129 1124 2210 itemque

97 2227 286 2296 incommoda
316 2233 558 2316 contrariorum3
590 2233 643 2314 qui
673 2232 716 2295 ad
751 2231 940 2316 dignitatem
974 2232 1124 2316 impellet,

59 2337 84 2386 33
98 2333 239 2398 maiorum
263 2336 418 2453 exempla,
443 2355 525 2418 quae
548 2343 639 2400 eruut
627 2335 714 2401 tvel
736 2355 807 2400 oum
823 2336 962 2418 perieulo
977 2335 1124 2420 gloriosa,

20 2437 233 2630 *conliget
276 2439 469 2522 posteritatis
510 2440 720 2505 immortalem
758 2441 942 2505 memoriam
983 2440 1124 2524 augebit,

99 2540 253 2605 utilitatem
277 2561 318 2605 ex
340 2540 434 2606 laude
458 2542 546 2608 nasei
569 2542 721 2608 defendet
708 2548 933 2626 tsemperque
961 2565 1030 2609 eam
1055 2565 1125 2608 oum

20 2643 22 2780 p
100 2639 241 2725 dignitate
264 2665 334 2710 esse
358 2646 567 2710 ooniunotam.
614 2647 669 2712 sed
694 2647 771 2727 quid
793 2646 860 2711 fieri
876 2649 977 2732 possit
992 2653 1046 2713 aut
1062 2668 1124 2711 non
1145 2654 1194 2702 336

20 2787 21 2824 ,
99 2748 185 2827 possit
208 2747 346 2830 quidque
370 2749 465 2813 etiam
489 2750 528 2814 sit
551 2769 681 2816 neeesse
704 2757 760 2814 aut
783 2770 845 2814 non
870 2753 919 2833 sit,
944 2753 1125 2833 inutraque

62 2854 128 2914 25re
148 2853 283 2916 maxime
306 2859 354 2917 est
376 2853 602 2935 quaerendum.
648 2852 798 2919 inoiditur
822 2856 906 2920 enim
937 2857 1001 2920 iam
1024 2855 1125 2919 omnis

100 2952 248 3020 deliberat
226 2963 280 3036 tro,
305 2956 331 3020 si
353 2956 509 3040 intellegit
510 2977 547 3020 ur
567 2977 632 3021 non
647 2976 741 3040 posse
757 2957 825 3020 fieri
840 2967 894 3024 aut
910 2959 937 3023 si
953 2959 1125 3025 necessitas

100 3057 244 3141 adfertur;
269 3066 300 3123 et
324 3060 377 3141 qui
400 3060 433 3123 id
456 3059 562 3124 docuit
584 3081 648 3124 non
672 3060 855 3126 videntibus
878 3063 957 3142 aliis,
981 3065 1009 3128 is
1031 3061 1124 3145 pluri·

101 3181 172 3226 mum
194 3162 283 3228 vidit.
329 3163 371 3227 ad
395 3164 559 3229 eonsilium
582 3172 688 3227 autem
713 3162 753 3227 de
776 3184 810 3228 re
833 3165 962 3248 publiea
985 3163 1123 3229 dandum
1145 3173 1194 3221 337

102 3273 182 3349 eaput
203 3273 251 3332 est
273 3287 367 3332 nosse
390 3289 457 3332 rem
481 3267 658 3351 publioam;
689 3267 731 3330 ad
763 3265 932 3332 dicendum
959 3288 1034 3332 vero
1057 3284 1124 3348 pro-

65 3373 88 3421 33
102 3367 232 3435 habiliter
254 3391 348 3435 nosse
371 3391 474 3436 mores
497 3371 644 3450 civitatis,
668 3370 722 3451 qui
739 3371 813 3452 quia
829 3371 938 3435 erebro
954 3375 1123 3446 mutantur,

103 3492 186 3554 genus
209 3493 333 3556 quoque
357 3475 508 3539 orationis
531 3480 579 3539 est
602 3493 697 3557 saepe
722 3474 916 3538 mutandum.
964 3480 995 3537 et
1019 3490 1125 3552 quam-

104 3595 180 3656 quam
202 3598 266 3642 una
289 3578 355 3641 fere
379 3579 428 3642 vis
452 3584 500 3642 est
523 3578 731 3659 eloquentiae,
756 3583 872 3656 tamen,
897 3576 973 3656 quia
1003 3593 1125 3640 summa

104 3677 224 3763 dignitas
256 3686 305 3746 est
327 3681 445 3765 populi,
477 3681 665 3764 gravissima
690 3699 785 3743 eausa
816 3679 1037 3759 reipublicae,
1062 3694 1125 3739 ma-

107 3782 169 3848 rini
188 3792 291 3850 motus
313 3782 533 3863 multitudinis,
556 3803 657 3866 genus
681 3801 805 3864 quoque
829 3779 956 3844 dioendi
972 3778 1124 3863 grandius
