2834 4110
351 204 464 258 LIBER
476 204 512 258 11.
537 203 621 259 CAP.
635 207 677 260 80.
702 205 875 268 §326-329.
1067 187 1126 249 157

104 375 135 438 L.
152 375 250 443 Crassi
273 381 389 462 oratio,
414 379 462 443 sin
485 386 551 443 turn
576 384 624 443 cst
646 377 797 457 brevitas,
822 396 893 441 cum
916 381 1039 440 tanturn
1062 395 1129 439 ver·

104 477 206 544 borum
228 488 275 547 est
298 489 450 564 quantum
473 502 605 547 necesse
629 488 687 562 est,
710 479 880 562 aliquando
903 478 936 544 id
958 499 1038 562 opus
1066 484 1127 562 est;

104 581 268 669 sedsaepe
298 587 388 651 obest
417 586 469 650 vel
499 586 639 650 maxime
668 586 702 649 in
732 582 902 664 narrando,
933 605 997 648 non
1028 583 1129 648 solum

102 685 178 766 quod
200 688 420 753 obscuritatem
443 687 555 770 adfert,
580 687 756 754 sedetiam
779 687 864 769 quod
887 706 958 751 eam
981 687 1129 752 virtutem

75 803 177 868 oquae
199 791 386 857 narrationis
408 798 457 856 est
478 793 629 872 maxima,
657 798 692 855 ut
714 790 853 855 iucunda
880 789 976 854 etad
1002 809 1128 873 persua·

102 889 231 957 dandum
253 894 495 960 adcommodata
517 895 568 975 sit,
592 895 680 959 tollit.
727 893 857 958 videant
879 894 950 958 illa:

210 1035 282 1079 nam
305 1015 338 1113 is·
355 1021 521 1100 postquam
545 1015 684 1080 excessit
708 1016 748 1078 ex
773 1013 905 1098 ephebis
923 1065 929 1078 .
948 1066 954 1078 .
973 1065 979 1077 .
999 1066 1004 1077 .

100 1150 187 1212 quarn
209 1134 301 1219 longa
324 1143 373 1200 est
401 1135 557 1199 narratio!
589 1154 693 1200 mores
722 1131 936 1199 adulescentis
966 1134 1066 1217 ipsius
1096 1139 1128 1198 et
1147 1153 1198 1201 327

100 1236 215 1300 servilis
237 1239 441 1320 percontatio,
465 1258 549 1303 mors
572 1235 747 1321 Chrysidis,
776 1238 880 1302 voltus
911 1245 942 1302 et
968 1237 1070 1304 forma
1097 1245 1128 1302 et

61 1345 84 1388 10
99 1337 273 1406 lamentatio
297 1342 420 1423 sororis,
444 1341 566 1423 reliqua
597 1341 742 1425 pervarie
773 1340 974 1423 iucundeque
1000 1362 1127 1405 narran-

98 1447 151 1506 tnr.
196 1445 306 1524 quodsi
329 1445 413 1509 hanc
434 1446 624 1510 brevitatem
647 1445 832 1526 quaesisset,

245 1583 388 1664 ecfertur,
412 1584 504 1664 imus,
527 1582 569 1647 ad
593 1582 770 1666 sepulcrum
793 1582 951 1664 venimus,

244 1686 276 1751 in
300 1692 407 1771 ignem
429 1686 578 1770 imposita
602 1693 660 1767 est,

97 1819 200 1887 decem
221 1825 384 1890 versiculis
414 1831 515 1889 totum
543 1823 696 1890 conficere
730 1823 900 1908 potuisset3
936 1841 1127 1904 quamquam

59 1929 80 1976 15
97 1922 150 1989 hoo
183 1927 285 2010 ipsum
318 1920 476 2009 ecfertur,
510 1922 604 1992 imus'
634 1927 795 1992 concisum
829 1932 877 1991 est
911 1927 965 2006 ita,
999 1931 1034 1988 ut
1063 1945 1127 1990 non

97 2027 236 2094 brevitati
260 2031 411 2096 servitum
434 2031 484 2110 sit,
513 2029 570 2096 sed
597 2030 699 2113 magis
726 2028 896 2094 venustati.
943 2027 1055 2110 quodsi
1084 2028 1128 2091 ni·
1147 2043 1198 2092 aas

17 2173 19 2226 ,
97 2129 136 2194 hil
157 2133 267 2199 fuisset
289 2135 351 2200 nisi
373 2128 417 2199 ‘in
440 2134 548 2217 ignem
575 2133 724 2217 imposita
754 2128 822 2213 θεῖ’
854 2137 960 2197 tamen
982 2151 1034 2197 res
1062 2139 1128 2196 tota

17 2229 18 2238 ’
98 2237 236 2317 cognosci
259 2236 352 2302 facile
375 2237 536 2320 potuisset.
584 2236 642 2302 sed
663 2244 695 2302 et
717 2234 925 2300 festivitatem
940 2235 1037 2299 habet
1059 2254 1128 2298 nar-

98 2339 169 2403 ratio
191 2339 341 2405 distincta
356 2339 499 2424 personis
515 2348 547 2406 et
569 2341 770 2424 interpuncta
793 2339 1001 2420 sermonibus,
1019 2344 1057 2402 et
1079 2343 1128 2403 est

60 2444 83 2492 20
99 2447 125 2503 et
144 2444 335 2526 probabilius
363 2443 446 2525 quod
477 2451 604 2526 gestum
635 2464 705 2508 esse
736 2442 834 2522 dicas,
866 2463 937 2507 cum
969 2439 1127 2524 quemad

17 2609 18 2616 ,
98 2545 215 2611 modum
237 2554 342 2612 aetum
365 2547 407 2611 sit
429 2567 582 2629 exponas,
607 2553 638 2610 et
668 2546 766 2612 multo
789 2547 930 2629 apertius
953 2546 995 2612 ad
1011 2545 1129 2610 intelle-

99 2649 229 2729 gendum
252 2657 310 2732 est,
334 2651 360 2715 si
384 2650 584 2716 constituitur
606 2648 778 2731 aliquando
809 2668 848 2712 ae
878 2670 943 2716 non
973 2651 1035 2716 ista
1062 2651 1128 2714 bre-

99 2751 187 2819 vitate
210 2754 408 2838 percurritur.
455 2760 598 2837 apertam
622 2753 707 2818 enim
730 2752 943 2818 uenationem
965 2760 1030 2818 tam
1059 2773 1129 2818 esse
1148 2770 1198 2817 aaa

98 2863 211 2937 oportet
233 2878 329 2939 quam
352 2863 470 2940 cetera;
495 2857 553 2922 scd
575 2855 636 2921 hoc
651 2855 754 2939 magis
776 2856 809 2918 in
825 2855 886 2921 hac
903 2856 1129 2922 elaborandum

61 2964 83 3009 '25
99 2966 148 3038 est,
178 2960 263 3042 quod
295 2967 326 3025 et
360 2959 521 3025 difficilius
557 2966 604 3024 est
636 2980 701 3024 non
732 2978 802 3023 esse
837 2961 1005 3026 obscurum
1035 2962 1067 3024 in
1095 2981 1129 3024 re

17 3047 20 3130 l
99 3064 246 3128 narranda
269 3084 364 3146 quam
394 3068 449 3126 aut
479 3063 512 3126 in
542 3063 697 3146 principio
727 3068 782 3125 aut
813 3062 846 3125 in
877 3063 1128 3146 argumentando

98 3167 197 3230 autin
221 3165 397 3250 [purgando
419 3163 485 3252 aut]
510 3165 695 3250 perorando,
727 3172 758 3231 et
780 3166 899 3232 maiore
928 3167 1023 3231 etiam
1050 3167 1129 3248 peri-

100 3268 160 3333 culo
182 3269 261 3335 haec
284 3289 358 3354 pars
381 3268 532 3333 orationis
555 3269 690 3334 obscura
713 3274 762 3332 est
789 3289 884 3349 quarn
916 3274 1048 3347 ceterae,
1077 3268 1128 3331 vel

17 3361 18 3380 ¹
101 3373 173 3452 quia,
205 3373 231 3438 si
261 3393 323 3455 quo
354 3373 416 3437 alio
447 3371 480 3435 in
514 3372 582 3437 loco
617 3379 665 3436 est
699 3371 817 3435 dictum
848 3371 925 3454 qnid
955 3370 1127 3450 obscurius

62 3478 86 3525 ³⁰
101 3479 210 3541 tantum
226 3476 274 3540 ,id
302 3476 384 3560 perit
411 3475 495 3557 quod
524 3475 569 3540 ita
600 3475 719 3539 dictum
746 3480 803 3553 est,
832 3473 971 3538 narratio
994 3474 1129 3537 obscura

102 3583 187 3642 totam
210 3586 358 3644 occaecat
381 3578 565 3658 orationem,
589 3579 640 3642 vel
664 3577 747 3659 quod
769 3577 832 3640 alia
847 3576 959 3660 possis,
984 3576 1083 3640 semel
1102 3575 1129 3640 si

101 3681 249 3748 obscurius
284 3682 413 3762 dixeno,
450 3680 554 3745 dicere
588 3681 650 3745 alio
673 3681 741 3744 loco
771 3680 906 3762 planius,
937 3678 1128 3743 narrationis

102 3803 170 3850 unus
189 3794 239 3852 est
262 3787 295 3850 in
320 3806 416 3850 causa
438 3783 534 3849 locus.
581 3785 639 3847 erit
662 3789 768 3848 autem
791 3781 959 3866 perspicua
979 3783 1127 3860 narratio,
