2836 4114
355 193 465 247 LIBER
484 192 536 247 Ill.
561 193 644 248 OAP.
658 198 734 252 8-9.
759 197 899 259 §aa-33.
1063 180 1141 244 ,177

97 361 253 428 futurum.
295 365 379 447 quid,
402 373 509 432 noster
524 366 576 432 hic
592 368 710 434 Caesar
725 389 831 434 nonne
851 389 967 433 novam
984 369 1143 451 quandam
1162 381 1196 429 30

95 467 259 532 rationem
281 469 384 533 attulit
405 470 555 536 orationis
578 477 610 536 et
632 471 760 536 dicendi
775 492 876 555 genus
897 471 1024 536 induxit
1044 492 1143 556 prope

95 571 291 653 singulare?
315 573 384 654 quis
406 593 556 656 umquam
580 595 630 641 res
645 581 771 659 praeter
786 575 871 640 hunc
885 575 1023 659 tragicas
1039 595 1142 660 paene

96 675 232 755 comice,
257 675 362 740 tristes
383 677 525 758 remisse,
549 697 678 743 severas
700 678 809 760 hilare,
834 679 975 746 forenses
995 680 1142 745 scaenica

61 791 76 836 5
94 799 200 862 prope
222 785 391 844 venustate
405 772 562 846 'tractauit
584 788 680 863 atque
702 783 756 863 ita,
780 788 815 846 ut
837 801 941 864 neque
967 783 1056 848 iocus
1078 803 1141 847 ma-

94 882 269 966 gnitudine
292 902 395 948 rerum
411 885 632 950 excluderetur
648 905 707 950 nec
722 886 864 970 gravitas
879 885 1003 951 facetiis
1023 877 1140 951 minue·

94 986 212 1051 retur?
236 1005 310 1051 eccc
332 995 516 1070 praesentes
539 988 601 1053 duo
623 1009 722 1074 prope
749 991 899 1071 aequales
921 989 1078 1074 Sulpicius
1109 996 1141 1054 et
1159 1000 1191 1047 31

95 1089 204 1154 Cotta.
252 1089 328 1171 quid
357 1097 422 1155 tam
452 1091 535 1156 inter
565 1111 599 1157 se
629 1091 808 1157 dissimile?
840 1092 917 1174 quid
940 1094 1061 1158 tamin
1084 1113 1140 1158 suo

94 1213 219 1277 genere
242 1193 432 1276 praestans?
455 1195 583 1261 limatus
597 1197 677 1260 alter
692 1200 724 1260 et
740 1195 874 1276 subtilis,
891 1216 958 1260 rem
974 1197 1139 1281 explicans

47 1306 76 1353 rc
94 1295 237 1380 propriis
258 1297 404 1380 aptisque
426 1297 550 1383 verbis,
574 1299 684 1364 haeret
706 1299 738 1363 in
762 1319 860 1364 causa
876 1319 1001 1385 semper
1016 1307 1048 1365 et
1063 1300 1139 1382 quid

95 1398 197 1464 iudici
220 1400 418 1483 probandum
434 1401 474 1466 sit
490 1421 560 1466 cum
576 1401 758 1468 acutissime
774 1402 864 1484 vidit,
885 1403 1010 1469 omissis
1026 1404 1140 1469 ceteris

94 1503 296 1586 argumentis
329 1503 362 1566 in
396 1523 434 1568 eo
468 1511 606 1570 mentem
640 1505 879 1587 orationemque
913 1506 1033 1591 deligit.
1072 1507 1139 1572 Sul·

94 1605 201 1689 picius
223 1613 329 1671 autem
351 1607 521 1673 fortissimo
537 1608 676 1690 quodam
691 1609 789 1672 animi
804 1609 934 1692 impetu,
951 1609 1136 1693 plenissima

95 1715 127 1773 et
150 1709 293 1773 maxima
308 1730 396 1791 voce,
420 1729 544 1789 summa
559 1712 761 1777 contentione
777 1712 915 1794 corporis
931 1720 963 1777 et
982 1712 1138 1795 dignitate
1160 1776 1165 1786 ,

48 1823 74 1868 15
94 1819 212 1891 motus,
235 1813 403 1878 verborum
427 1833 551 1895 quoque
575 1834 613 1878 ea
643 1815 800 1898 gravitate
831 1820 863 1881 et
892 1815 985 1900 copia
1015 1821 1072 1895 est,
1103 1819 1137 1878 ut

93 1935 179 1980 unus
202 1916 243 1979 ad
266 1915 436 1982 dicendum
451 1918 712 1982 instructissimus
728 1938 748 1982 a
763 1924 877 1982 natura
892 1938 963 1984 esse
978 1916 1133 1983 videatur.

6 2033 9 2080 l
92 2018 137 2084 ad
161 2025 286 2083 nosmet
306 2019 392 2103 ipsos
407 2020 471 2084 iam
485 2026 635 2101 revertor,
652 2020 801 2101 quoniam
817 2020 863 2084 sic
878 2021 996 2085 fuimus
1012 2039 1136 2102 semper
1154 1991 1188 2112 3⁹2

93 2122 280 2205 comparati,
305 2129 339 2186 ut
360 2122 522 2188 hominum
546 2124 744 2188 sermonibus
766 2124 857 2205 quasi
872 2124 906 2188 in
921 2122 1050 2205 aliquod
1066 2142 1137 2186 con-

91 2225 245 2290 tentionis
267 2225 419 2291 iudicium
442 2247 636 2293 vocaremur.
684 2226 759 2308 quid
782 2234 848 2291 tam
871 2227 1024 2293 dissimile
1039 2245 1134 2308 quam

46 2339 74 2387 ro
92 2348 155 2412 ego
177 2329 209 2392 in
233 2327 369 2393 dicendo
392 2336 424 2394 et
445 2330 626 2395 Antonius?
657 2349 728 2394 cum
759 2330 811 2396 ille
841 2330 869 2394 is
892 2332 933 2395 sit
955 2336 1067 2409 orator,
1099 2334 1133 2392 ut

90 2431 173 2496 nihil
197 2451 234 2496 eo
257 2432 357 2515 possit
379 2453 450 2499 esse
473 2434 694 2517 praestantius,
718 2453 778 2518 ego
800 2439 918 2519 autem,
943 2452 1135 2517 quamquam

91 2542 211 2600 memet
233 2536 297 2600 mei
318 2537 470 2619 paenitet,
495 2527 569 2601 cum
589 2536 650 2601 hoc
670 2539 809 2601 maxime
832 2544 940 2605 tamen
962 2539 996 2602 in
1012 2557 1137 2621 compa·

91 2639 215 2714 ratione
238 2639 421 2723 coniungar.
466 2639 624 2705 videtisne
654 2660 756 2724 genus
778 2640 839 2705 hoc
871 2642 955 2725 quod
978 2643 1019 2708 sit
1040 2641 1137 2705 Anto-

92 2741 161 2806 nii?
184 2742 276 2822 forte,
291 2742 475 2824 vehemens,
492 2751 681 2808 commotum
695 2745 729 2809 in
744 2742 881 2828 agendo,
898 2744 1133 2830 praemunitum

45 2855 73 2904 ‘25
93 2852 126 2910 et
148 2865 189 2910 ex
213 2845 300 2909 omni
323 2851 412 2928 parte
435 2865 551 2911 causae
567 2853 721 2931 saeptum,
738 2866 820 2928 acre,
837 2856 976 2928 acutum,
993 2846 1137 2914 enuclea-

92 2957 173 3030 tum,
208 2949 241 3013 in
273 2968 331 3014 sua
365 2969 490 3031 quaque
523 2970 558 3015 re
592 2969 802 3031 commorans,
839 2950 972 3017 honeste
1008 2949 1136 3029 cedens,

92 3053 207 3118 acriter
228 3052 412 3134 insequens,
442 3059 573 3132 terrens,
606 3053 797 3137 supplicans,
830 3057 957 3120 summa'
984 3053 1135 3120 orationis

92 3157 257 3237 varietate,
281 3155 368 3221 nulla
390 3162 566 3221 nostrarum
589 3158 712 3221 aurium
735 3157 890 3224 satietate.
937 3163 996 3224 nos
1017 3163 1137 3233 autem,
1154 3166 1187 3214 33

93 3259 283 3340 quicumque
305 3258 338 3322 in
361 3257 496 3324 dicendo
529 3278 647 3342 sumus,
679 3260 829 3342 quoniam
863 3279 933 3326 esse
963 3261 1068 3340 aliquo
1100 3258 1133 3320 in

6 3355 7 3414 l
45 3372 75 3420 30
92 3382 222 3427 numero
245 3361 337 3426 vobis
366 3361 520 3443 uidemur,
552 3370 636 3426 certe
667 3368 773 3427 tamen
804 3365 845 3428 ah
876 3361 970 3426 huius
999 3360 1132 3424 multum

92 3485 207 3548 genere
231 3464 395 3530 distamus.
441 3464 526 3547 quod
550 3468 643 3548 quale
666 3467 793 3532 sitnon
816 3473 865 3530 est
887 3482 994 3528 meum
1016 3461 1132 3544 dicere,

92 3576 260 3653 propterea
282 3567 367 3649 quod
389 3568 519 3643 minime
543 3570 603 3635 sibi
627 3571 761 3653 quisque
784 3575 877 3634 notus
901 3573 949 3630 est
965 3573 997 3632 et
1012 3564 1134 3631 difficil-

93 3673 163 3738 lime
187 3672 229 3737 de
252 3691 287 3736 se
310 3672 442 3753 quisque
466 3672 581 3757 sentit,
614 3673 671 3739 sed
700 3681 808 3738 tamen
838 3668 1063 3736 dissimilitudo
1089 3670 1133 3733 in-

93 3775 197 3859 tellegi
229 3780 334 3858 potest
364 3781 397 3838 et
426 3795 467 3839 ex
498 3782 601 3840 motus
632 3777 692 3841 mei
721 3776 940 3841 mediocritate
964 3780 1061 3838 etex
1085 3792 1131 3852 eo,

142 3885 252 3927 ciceronis
267 3885 293 3924 de
308 3887 390 3924 oratore
404 3884 461 3924 libri.
945 3879 977 3924 12

6 2703 8 2832 l
