2866 4110
308 160 349 224 26
518 175 630 230 LIBER
649 177 670 230 Ι.
707 174 790 229 ΟΑΡ.
804 177 914 230 22-23.
951 178 966 238 ἐ
985 177 1130 231 103-108.

308 370 411 432 neque
441 355 531 414 tanta
558 369 663 432 neque
690 356 755 413 tam
778 348 949 433 improvisa
972 369 1075 431 neque
1098 353 1164 412 tam
1186 368 1279 428 nova,
1303 347 1343 412 de

309 473 372 534 qua
402 474 436 519 se
467 474 529 518 non
558 455 665 518 omnia
694 474 775 536 quae
806 453 868 518 dici
897 454 1020 537 possint
1046 451 1252 536 profiteantur
1276 472 1345 518 esse

240 572 290 621 104
306 557 454 623 dicturos.
494 557 606 640 quodsi
629 564 670 638 te,
694 559 796 638 Cotta,
819 556 988 621 arbitrarer
1010 563 1066 621 aut
1087 562 1129 636 te,
1153 555 1281 639 Sulpici,
1305 555 1345 620 de

308 662 346 726 iis
368 662 463 726 rebus
485 661 594 726 audire
617 663 708 743 velle,
725 660 930 726 adduxissem
949 660 1011 725 huc
1027 660 1181 745 Graecum
1197 659 1343 741 aliquem,

309 765 362 847 qui
385 785 442 828 nos
465 765 556 830 istius
579 764 664 830 modi
686 764 952 848 disputationibus
975 764 1162 846 delectaret,
1194 761 1279 844 quod
1304 781 1373 828 neo
1419 769 1420 792 ³

308 888 393 932 nuno
421 866 548 949 quidem
576 867 706 933 difficile
733 867 819 931 factu
848 873 904 932 est.
951 875 999 932 est
1021 867 1104 931 enim
1128 865 1214 950 apud
1237 867 1277 930 M.
1298 866 1345 930 Pi·
1419 897 1420 934 r

310 991 419 1036 sonem
441 970 677 1036 adulescentem
701 970 774 1035 huic
797 970 901 1036 studio
925 970 1076 1051 deditum,
1100 989 1223 1034 summo
1251 969 1346 1034 homi·

309 1096 382 1139 nem
408 1075 537 1157 ingenio
564 1075 725 1156 nostrique
753 1074 1001 1158 cupidissimum,
1025 1073 1255 1157 Peripateticus
1282 1075 1346 1140 Sta·
1419 1109 1420 1116 κ

310 1197 381 1243 seas
411 1178 504 1244 homo
534 1178 626 1244 nobis
657 1199 733 1243 sane
764 1178 930 1243 familiaris
960 1185 1001 1258 et,
1028 1186 1064 1242 ut
1092 1179 1175 1242 inter
1204 1176 1346 1242 homines
1419 1169 1420 1172 '

310 1285 426 1366 peritos
450 1289 592 1348 constare
616 1282 719 1363 video,
743 1283 776 1347 in
799 1283 852 1347 illo
876 1303 932 1347 suo
955 1302 1072 1365 genere
1099 1283 1238 1345 omnium
1265 1282 1346 1365 prin·
1365 1297 1390 1343 10

250 1387 287 1440 23
311 1383 406 1470 ceps?
459 1379 564 1468 ‘quem
591 1393 625 1451 tu
659 1381 748 1451 mihi'
775 1387 877 1469 inquit
904 1387 1026 1451 Mucius
1057 1380 1225 1465 ‘Staseam
1254 1405 1347 1467 quem

310 1491 554 1574 Peripateticum
577 1491 713 1556 narras?
744 1491 902 1573 gerendus
926 1496 974 1554 est
996 1490 1054 1554 tibi
1076 1510 1143 1554 mos
1166 1489 1348 1555 adulescen-

311 1595 405 1675 tibus,
427 1595 549 1675 Crarse,
571 1595 624 1676 qui
647 1615 710 1659 non
727 1595 839 1659 Graeci
862 1591 1013 1681 [alicuius]
1032 1592 1222 1657 cotidianam
1245 1593 1348 1674 loqua-

243 1461 290 1508 105

311 1697 438 1762 citatem
461 1698 530 1762 siue
552 1717 611 1762 usu
633 1717 737 1780 neque
760 1717 800 1761 ex
825 1697 940 1762 scholis
963 1697 1154 1762 cantilenam
1176 1697 1348 1777 requirunt,

310 1800 367 1866 sed
395 1821 436 1866 ex
462 1802 589 1867 homine
617 1803 757 1866 omnium
785 1801 1016 1884 sapientissimo
1043 1807 1138 1882 atque
1161 1801 1392 1880 eloquentis-15

214 1893 237 1912 '⁸
310 1905 388 1970 simo
419 1913 514 1988 atque
544 1926 585 1970 ex
616 1925 653 1970 eo
683 1905 736 1986 qui
767 1925 830 1969 non
860 1905 893 1968 in
916 1904 1040 1984 libellis,
1064 1903 1121 1976 sed
1143 1903 1348 1968 inmaximis
1419 1975 1420 1978 Ἴ

311 2010 413 2074 causis
436 2017 467 2074 et
490 2009 523 2073 in
546 2010 605 2074 hoo
628 2008 785 2075 domicilio
812 2008 937 2092 imperii
960 2014 991 2073 et
1013 2007 1132 2090 gloriae
1156 2007 1196 2071 sit
1219 2007 1348 2072 oonsilio
1419 2019 1420 2028 ’

309 2114 481 2196 linguaque
503 2113 659 2197 princeps,
680 2114 769 2177 euius
792 2112 928 2195 vestigia
949 2111 1095 2195 persequi
1119 2110 1259 2194 cupiunt,
1282 2111 1349 2176 eius

243 2236 292 2283 106
311 2217 499 2282 sententiam
534 2217 740 2281 sciscitantur.
795 2215 942 2298 equidem
975 2222 1007 2281 te
1041 2236 1112 2281 cum
1145 2215 1179 2279 in
1212 2213 1349 2280 dicendo

311 2339 436 2403 semper
458 2320 566 2403 putavi
590 2319 694 2400 deum,
717 2327 784 2383 tum
809 2339 884 2383 vero
911 2319 970 2383 tibi
1000 2339 1172 2401 numquam
1191 2319 1349 2400 eloquen·
1368 2336 1396 2384 eo

310 2424 373 2488 tiae
395 2425 547 2490 maiorem
569 2425 665 2489 tribui
687 2422 813 2489 laudem
830 2445 924 2506 quam
940 2424 1160 2510 humanitatis;
1186 2444 1249 2506 qua
1263 2444 1350 2489 nune

309 2533 341 2591 te
371 2527 417 2591 uti
446 2529 498 2593 vel
527 2529 667 2592 maxime
698 2527 789 2593 deoet
814 2549 918 2610 neque
941 2528 1092 2612 defugere
1117 2548 1187 2593 eam
1211 2527 1351 2612 disputa·

309 2630 437 2712 tionem,
461 2630 502 2695 ad
525 2652 620 2713 quam
643 2638 673 2696 te
697 2631 759 2698 duo
783 2633 974 2716 excellentes
1001 2632 1139 2716 ingeniis
1166 2631 1351 2698 adulescen-

311 2740 359 2800 tes
382 2735 513 2819 cupiunt
535 2731 709 2800 accedere.>

242 2860 290 2908 107
413 2832 491 2923 ‘ldgo
514 2834 600 2904 vero'
623 2840 725 2922 inquit
750 2832 830 2905 ‘istis
853 2840 984 2922 obsequi
1010 2839 1122 2904 studeo
1149 2859 1254 2921 neque
1281 2859 1351 2922 gra-
1372 2856 1402 2902 25

310 2941 409 3006 vabor
424 2942 561 3009 breviter
577 2962 663 3007 more
683 2964 754 3009 meo
778 2942 855 3026 quid
877 2963 1002 3025 quaque
1026 2942 1067 3007 de
1089 2963 1124 3007 re
1147 2942 1283 3008 sentiam
1306 2942 1353 3006 di-

310 3065 390 3110 oere.
436 3067 475 3110 ac
501 3047 637 3131 primum
667 3047 745 3111 illud
766 3085 809 3094 —
833 3049 981 3130 quoniam
1011 3047 1232 3113 auctoritatem
1262 3052 1353 3110 tuam

309 3151 489 3234 neglegere,
514 3152 675 3232 Scaevola,
699 3151 748 3217 fas
776 3152 852 3216 mihi
880 3172 943 3216 non
967 3171 1037 3216 esse
1059 3157 1135 3235 puto
1158 3187 1201 3196 —
1223 3170 1354 3234 respon-

310 3253 379 3334 deo,
403 3255 480 3319 mihi
510 3254 637 3320 dicendi
667 3263 722 3320 aut
752 3257 870 3320 nullam
897 3262 997 3320 artem
1019 3261 1076 3319 aut
1098 3261 1285 3338 pertenuem
1309 3255 1355 3318 vi-

309 3355 386 3438 deri,
403 3358 460 3424 sed
475 3378 601 3424 omnem
622 3379 692 3425 esse
715 3359 948 3424 contentionem
971 3359 1053 3424 inter
1075 3358 1219 3423 homines
1242 3357 1356 3422 doctos
1376 3371 1406 3419 ao

241 3489 290 3542 103
308 3461 341 3525 in
364 3463 453 3527 verbi
477 3463 690 3528 controversia
711 3463 856 3546 positam.
900 3484 976 3528 nam
998 3463 1025 3528 si
1048 3463 1168 3527 arsita
1191 3461 1353 3542 definitur,

307 3573 341 3630 ut
356 3568 449 3650 paulo
468 3573 543 3633 ante
560 3565 730 3656 [exlposuit
746 3567 920 3633 Antonius:
949 3587 990 3632 ex
1014 3567 1110 3632 rebus
1133 3567 1259 3650 penitus
1283 3586 1356 3650 per-

306 3672 422 3754 spectis
445 3673 602 3756 planeque
625 3672 761 3757 cognitis
783 3680 880 3754 atque
902 3674 943 3737 ab
969 3671 1127 3755 opinionis
1150 3671 1281 3736 arbitrio
1308 3691 1359 3736 se-

306 3773 420 3840 iunctis
452 3776 646 3861 scientiaque
678 3775 924 3862 comprehensis,
949 3795 1012 3839 non
1044 3774 1123 3839 mihi
1147 3775 1273 3840 videtur
1302 3794 1360 3839 ars
