2836 4114
2 2970 7 3227 Ι

376 205 488 260 LIBER
501 205 553 260 III.
578 204 661 260 CAP.
674 208 750 262 4-5.
776 209 790 269 ἓ
804 208 914 263 15—18.
1101 191 1164 254 173

115 379 270 444 rabiliter
292 380 423 463 scriptos
444 379 531 463 legit,
555 381 589 444 in
612 381 727 462 quibus
750 378 897 445 omnibus
927 378 995 446 fere
1018 381 1164 446 Socrates

116 483 323 567 exprimitur,
351 505 424 564 uon,
453 503 643 566 quamquam
666 483 722 548 illa
752 484 869 567 scripta
900 491 974 548 sunt
1000 483 1163 564 divinitus,

112 595 231 652 tamen
262 588 363 653 maius
394 588 544 671 quiddam
574 588 615 653 de
638 588 690 653 illo
713 587 753 652 de
782 608 843 670 quo
867 588 984 672 scripta
1014 595 1086 653 sunt
1117 606 1164 652 su·

115 692 281 775 spicatur3
310 691 394 773 quod
425 692 502 757 item
529 711 586 756 nos
613 691 810 775 postulamus
837 711 901 757 non
928 699 1002 778 ate
1025 690 1164 773 quidem,

74 806 92 854 c
114 794 177 876 qui
200 795 294 859 nobis
316 795 422 859 omnia
444 815 568 861 summa
591 795 713 875 tribuis,
738 795 795 860 sed
817 783 838 859 a
860 796 986 877 ceteris,
1008 795 1061 877 qui
1083 795 1163 859 haec

114 899 156 962 in
179 917 292 963 manus
315 905 447 978 sument,
471 899 574 964 maius
597 905 630 962 ut
654 898 805 981 quiddam
828 898 869 964 de
884 899 920 963 L.
938 899 1052 964 Crasso
1068 918 1163 980 quam

117 1008 276 1084 quantum
299 1021 319 1065 a
341 1002 432 1067 nobis
455 1003 649 1086 exprimetur
671 1003 879 1087 suspicentur,
919 1023 977 1068 uos
999 1002 1093 1084 enim,
1110 1002 1163 1084 qui
1183 1016 1215 1064 16

116 1105 183 1188 ipsi
207 1107 344 1170 sermoni
367 1127 431 1171 nou
452 1106 708 1172 interfuissemus
731 1113 763 1171 ct
786 1107 901 1188 quibus
926 1108 960 1174 C.
978 1109 1071 1174 Cotta
1097 1114 1163 1170 tan-

116 1209 285 1276 tummodo
295 1210 381 1276 locos
392 1231 430 1276 ac
442 1211 618 1276 sententias
629 1211 723 1276 huius
734 1210 959 1294 disputationis
971 1211 1162 1292 tradidisset,

59 1325 93 1372 rc
119 1313 233 1395 quoin
249 1333 366 1397 genere
380 1314 531 1379 orationis
546 1321 714 1397 utrumque
730 1321 885 1381 oratorem
902 1335 1162 1399 cognoveramus,

118 1417 154 1481 id
177 1418 283 1502 ipsum
317 1437 424 1484 sumus
457 1418 490 1482 in
518 1438 626 1483 corum
654 1438 799 1483 sermone
826 1419 1018 1485 adumbrare
1047 1420 1161 1485 conati.

118 1521 235 1604 quodsi
260 1522 329 1604 quis
352 1523 411 1587 erit
434 1523 488 1605 qui
510 1522 624 1588 ductus
646 1523 794 1606 opinione
811 1524 897 1607 volgi
912 1532 968 1589 aut
990 1524 1163 1589 Antonium

117 1626 307 1692 ieiuniorem
341 1633 396 1692 aut
430 1627 580 1693 Crassum
613 1627 787 1710 pleniorem
821 1626 920 1692 fuisse
950 1633 1041 1710 putet
1068 1647 1160 1709 quam

118 1750 183 1813 quo
206 1729 301 1796 modo
323 1751 343 1794 a
365 1731 458 1796 nobis
485 1738 617 1813 uterquc
645 1731 793 1795 inductus
824 1737 881 1811 cst,
910 1731 938 1795 is
966 1731 1025 1795 erit
1053 1751 1095 1795 ex
1123 1730 1163 1794 iis

61 1843 97 1890 15
118 1835 176 1916 qui
198 1840 254 1898 aut
276 1833 346 1900 illos
368 1856 432 1901 nou
454 1835 591 1900 audierit
612 1843 668 1899 aut
689 1835 830 1900 iudicare
854 1855 917 1899 uon
933 1834 1042 1919 possit.
1087 1853 1163 1897 nam

118 1938 182 2002 suit
204 1945 346 2020 uterque,
371 1946 405 2004 ut
428 1939 563 2023 exposui
585 1945 691 2020 antea,
715 1959 787 2003 cum
809 1937 914 2004 studio
938 1946 971 2005 ct
985 1938 1115 2020 ingenio
1131 1943 1164 2001 et

117 2042 267 2108 doctrina
289 2050 454 2126 praestans
477 2044 623 2108 omnibus
646 2050 713 2108 tum
733 2043 766 2108 in
783 2062 839 2108 suo
860 2064 978 2125 genere
992 2041 1162 2126 perfectus,

116 2153 156 2211 ut
178 2166 283 2228 neque
305 2147 339 2210 in
360 2147 499 2212 Antonio
522 2147 649 2213 deesset
671 2147 724 2212 hic
739 2153 868 2212 ornatus
884 2146 1034 2213 orationis
1056 2164 1162 2226 neque

116 2252 154 2315 in
178 2251 293 2316 Crasso
316 2251 516 2317 redundaret.

226 2355 270 2420 Ut
298 2355 394 2439 igitur
420 2363 495 2422 ante
523 2356 688 2421 meridiem
723 2357 937 2421 discesserunt
971 2354 1163 2441 paulumque
1181 2327 1214 2448 ᾖ

117 2459 313 2541 requierunt,
337 2461 370 2524 in
392 2460 503 2544 primis
526 2461 586 2526 hoc
608 2481 629 2525 a
651 2481 686 2526 sc
710 2463 802 2528 Cotta
817 2460 1076 2528 animadversum
1092 2479 1163 2525 csse

118 2563 258 2644 dicebat,
293 2583 386 2628 omne
419 2564 497 2628 illud
535 2571 659 2648 tempus
697 2564 906 2629 meridianum
947 2567 1096 2633 Crassum
1129 2563 1162 2626 in
1252 2638 1255 2646 ,

117 2667 276 2732 acerrima
297 2673 393 2749 atque
416 2668 626 2733 attentissima
649 2669 840 2753 cogitatione
856 2673 1002 2752 posuisse
1018 2686 1162 2750 seseque,

119 2772 174 2852 qui
201 2771 322 2836 voltum
353 2771 432 2851 cius,
465 2791 536 2835 cum
564 2771 593 2836 ei
620 2771 790 2838 dicendum
824 2781 926 2856 esset,
957 2774 1163 2852 obtutumque

63 2879 96 2928 25
117 2875 281 2939 oculorum
309 2874 343 2938 in
371 2874 540 2957 cogitando
568 2876 667 2959 probe
694 2881 802 2941 nosset
828 2882 925 2958 atque
954 2879 987 2942 in
1014 2875 1163 2940 maximis

119 2979 226 3043 causis
260 2998 356 3062 saepe
389 2978 530 3058 vidisset,
565 2986 632 3042 tum
660 2979 769 3045 dedita
796 2999 894 3063 opera
928 2979 1164 3065 quiescentibus

119 3080 190 3146 aliis
213 3081 247 3145 in
271 3099 341 3145 cam
365 3082 428 3146 iam
456 3081 608 3146 exedram
636 3083 773 3163 venisse,
805 3083 839 3147 in
862 3104 927 3166 qua
950 3085 1084 3151 Crassus
1112 3102 1164 3164 po·

121 3185 181 3249 sito
210 3185 327 3250 lectulo
360 3185 567 3264 recubuisset,
602 3205 736 3268 cumque
765 3206 836 3251 eum
865 3186 1009 3254 defixum
1037 3203 1107 3250 esse
1130 3185 1163 3248 in

121 3288 313 3371 cogitatione
336 3289 497 3369 sensisset,
521 3289 628 3353 statim
651 3290 820 3356 recessisse
842 3297 939 3373 atque
962 3290 995 3352 in
1011 3310 1048 3354 co
1072 3285 1163 3350 silen-

67 3398 101 3446 30
120 3391 163 3455 tic
185 3391 266 3456 duas
288 3391 383 3456 horas
406 3392 472 3457 fere
488 3412 559 3458 esse
576 3401 786 3477 consumptas.
825 3392 944 3458 deinde
965 3411 1036 3455 cum
1053 3407 1164 3453 omnes

120 3495 271 3560 inclinato
302 3495 366 3560 iam
393 3496 427 3560 in
459 3495 727 3580 posmeridianum
758 3503 885 3578 tempus
914 3495 966 3560 die
999 3492 1164 3559 venissent

120 3598 161 3662 ad
195 3599 362 3664 Crassum:
398 3599 485 3682 ‘quid
519 3605 576 3680 est,
613 3599 734 3665 Crasse'
768 3595 872 3680 inquit
900 3596 999 3664 Iulius
1030 3596 1164 3660 ‘imusne

122 3701 269 3768 sessum?
301 3703 359 3767 etsi
390 3702 588 3767 admonitum
620 3702 765 3766 venimus
792 3707 833 3779 te,
867 3720 932 3766 nou
965 3697 1163 3784 flagitatum)

122 3812 187 3870 tum
212 3806 359 3871 Crassus:
384 3810 434 3868 'an
458 3823 509 3867 me
532 3809 597 3867 tam
620 3802 836 3887 impudentem
861 3821 933 3869 esse
960 3799 1163 3879 existimatis,
1186 3812 1217 3860 18
